  <div class='ocr_page' id='page_1' title='image "/cluster/home/n/w/nwhite01/storage/ocr_20150623/148/hvd.32044015471840/577.png"; bbox 0 0 3986 5312; ppageno 0'>
   <div class='ocr_carea' id='block_1_1' title="bbox 547 129 686 185">
    <p class='ocr_par' dir='ltr' id='par_1_1' title="bbox 547 129 686 185">
     <span class='ocr_line' id='line_1_1' title="bbox 547 129 686 185; baseline 0.007 -2"><span class='ocrx_word' id='word_1_1' title='bbox 547 129 686 185; x_wconf 73' lang='grc'><strong>1159</strong></span> 
     </span>
    </p>
   </div>
   <div class='ocr_carea' id='block_1_2' title="bbox 1533 109 2830 174">
    <p class='ocr_par' dir='ltr' id='par_1_2' title="bbox 1533 109 2830 174">
     <span class='ocr_line' id='line_1_2' title="bbox 1533 109 2830 174; baseline -0.006 0"><span class='ocrx_word' id='word_1_2' title='bbox 1533 118 1625 174; x_wconf 79' lang='lat' dir='ltr'><strong>AD</strong></span> <span class='ocrx_word' id='word_1_3' title='bbox 1657 115 1885 174; x_wconf 78' lang='lat' dir='ltr'><strong>OPERA</strong></span> <span class='ocrx_word' id='word_1_4' title='bbox 1922 113 1980 170; x_wconf 83' lang='grc'><strong>8.</strong></span> <span class='ocrx_word' id='word_1_5' title='bbox 2021 110 2350 170; x_wconf 78' lang='lat' dir='ltr'><strong>GREGORII</strong></span> <span class='ocrx_word' id='word_1_6' title='bbox 2388 109 2830 168; x_wconf 75' lang='lat' dir='ltr'><strong>APPENDICES.</strong></span> 
     </span>
    </p>
   </div>
   <div class='ocr_carea' id='block_1_3' title="bbox 3665 109 3804 164">
    <p class='ocr_par' dir='ltr' id='par_1_3' title="bbox 3665 109 3804 164">
     <span class='ocr_line' id='line_1_3' title="bbox 3665 109 3804 164; baseline 0 0"><span class='ocrx_word' id='word_1_7' title='bbox 3665 109 3804 164; x_wconf 70' lang='lat' dir='ltr'><strong>H60</strong></span> 
     </span>
    </p>
   </div>
   <div class='ocr_carea' id='block_1_4' title="bbox 621 219 3802 308">
    <p class='ocr_par' dir='ltr' id='par_1_4' title="bbox 621 219 3802 308">
     <span class='ocr_line' id='line_1_4' title="bbox 621 219 3802 308; baseline -0.004 -17"><span class='ocrx_word' id='word_1_8' title='bbox 621 259 639 291; x_wconf 68' lang='grc' dir='ltr'><strong>ς</strong></span> <span class='ocrx_word' id='word_1_9' title='bbox 675 237 996 308; x_wconf 74' lang='lat' dir='ltr'><strong>Quicunque</strong></span> <span class='ocrx_word' id='word_1_10' title='bbox 1020 249 1206 291; x_wconf 87' lang='lat' dir='ltr'><strong>sacros</strong></span> <span class='ocrx_word' id='word_1_11' title='bbox 1248 233 1466 290; x_wconf 84' lang='lat' dir='ltr'><strong>ordines</strong></span> <span class='ocrx_word' id='word_1_12' title='bbox 1507 233 1576 288; x_wconf 86' lang='lat' dir='ltr'><strong>ad</strong></span> <span class='ocrx_word' id='word_1_13' title='bbox 1609 232 1839 304; x_wconf 88' lang='lat' dir='ltr'><strong>pretium</strong></span> <span class='ocrx_word' id='word_1_14' title='bbox 1867 229 2112 302; x_wconf 82' lang='lat' dir='ltr'><strong>largiun—</strong></span> <span class='ocrx_word' id='word_1_15' title='bbox 2143 230 2188 284; x_wconf 85' lang='lat' dir='ltr'><strong>A</strong></span> <span class='ocrx_word' id='word_1_16' title='bbox 2216 219 2428 282; x_wconf 81' lang='lat' dir='ltr'><strong>Simoni</strong></span> <span class='ocrx_word' id='word_1_17' title='bbox 2449 225 2628 282; x_wconf 80' lang='lat' dir='ltr'><strong>dicat:</strong></span> <span class='ocrx_word' id='word_1_18' title='bbox 2653 224 2892 280; x_wconf 80' lang='lat' dir='ltr'><strong>Pecunia</strong></span> <span class='ocrx_word' id='word_1_19' title='bbox 2927 233 3018 280; x_wconf 89' lang='lat' dir='ltr'><strong>tua</strong></span> <span class='ocrx_word' id='word_1_20' title='bbox 3035 233 3213 289; x_wconf 83' lang='lat' dir='ltr'><strong>tecum</strong></span> <span class='ocrx_word' id='word_1_21' title='bbox 3237 223 3308 280; x_wconf 89' lang='lat' dir='ltr'><strong>sit</strong></span> <span class='ocrx_word' id='word_1_22' title='bbox 3341 223 3400 278; x_wconf 87' lang='lat' dir='ltr'><strong>in</strong></span> <span class='ocrx_word' id='word_1_23' title='bbox 3419 221 3802 296; x_wconf 78' lang='lat' dir='ltr'><strong>perditionem.</strong></span> 
     </span>
    </p>
   </div>
   <div class='ocr_carea' id='block_1_5' title="bbox 544 313 3802 398">
    <p class='ocr_par' dir='ltr' id='par_1_5' title="bbox 544 313 3802 398">
     <span class='ocr_line' id='line_1_5' title="bbox 544 313 3802 398; baseline -0.006 -12"><span class='ocrx_word' id='word_1_24' title='bbox 544 340 654 398; x_wconf 88' lang='lat' dir='ltr'><strong>tur,</strong></span> <span class='ocrx_word' id='word_1_25' title='bbox 691 345 818 387; x_wconf 88' lang='lat' dir='ltr'><strong>cum</strong></span> <span class='ocrx_word' id='word_1_26' title='bbox 858 327 996 382; x_wconf 67' lang='lat' dir='ltr'><strong>Inda</strong></span> <span class='ocrx_word' id='word_1_27' title='bbox 1051 326 1289 396; x_wconf 88' lang='lat' dir='ltr'><strong>pessimo</strong></span> <span class='ocrx_word' id='word_1_28' title='bbox 1346 333 1651 379; x_wconf 90' lang='lat' dir='ltr'><strong>mercatore</strong></span> <span class='ocrx_word' id='word_1_29' title='bbox 1705 322 1957 392; x_wconf 88' lang='lat' dir='ltr'><strong>peribunt</strong></span> <span class='ocrx_word' id='word_1_30' title='bbox 1984 339 1996 374; x_wconf 89' lang='lat'><strong>:</strong></span> <span class='ocrx_word' id='word_1_31' title='bbox 2021 319 2118 390; x_wconf 86' lang='lat' dir='ltr'><strong>qui</strong></span> <span class='ocrx_word' id='word_1_32' title='bbox 2217 317 2477 388; x_wconf 89' lang='lat' dir='ltr'><strong>quoniam</strong></span> <span class='ocrx_word' id='word_1_33' title='bbox 2503 317 2708 373; x_wconf 86' lang='lat' dir='ltr'><strong>donum</strong></span> <span class='ocrx_word' id='word_1_34' title='bbox 2741 315 2838 370; x_wconf 92' lang='lat' dir='ltr'><strong>Dei</strong></span> <span class='ocrx_word' id='word_1_35' title='bbox 2875 315 3198 372; x_wconf 71' lang='lat' dir='ltr'><strong>existimasti</strong></span> <span class='ocrx_word' id='word_1_36' title='bbox 3245 331 3372 370; x_wconf 90' lang='lat' dir='ltr'><strong>cum</strong></span> <span class='ocrx_word' id='word_1_37' title='bbox 3407 313 3644 384; x_wconf 80' lang='lat' dir='ltr'><strong>pecunia</strong></span> <span class='ocrx_word' id='word_1_38' title='bbox 3673 327 3802 384; x_wconf 71' lang='lat' dir='ltr'><strong>pes—</strong></span> 
     </span>
    </p>
   </div>
   <div class='ocr_carea' id='block_1_6' title="bbox 546 410 2113 493">
    <p class='ocr_par' dir='ltr' id='par_1_6' title="bbox 546 410 2113 493">
     <span class='ocr_line' id='line_1_6' title="bbox 546 410 2113 493; baseline -0.008 -17"><span class='ocrx_word' id='word_1_39' title='bbox 546 438 646 493; x_wconf 85' lang='lat' dir='ltr'><strong>pro</strong></span> <span class='ocrx_word' id='word_1_40' title='bbox 669 437 778 475; x_wconf 74' lang='lat' dir='ltr'><strong>xxx</strong></span> <span class='ocrx_word' id='word_1_41' title='bbox 810 418 1078 490; x_wconf 79' lang='lat' dir='ltr'><strong>argenteis</strong></span> <span class='ocrx_word' id='word_1_42' title='bbox 1110 417 1298 472; x_wconf 66' lang='lat' dir='ltr'><strong>aeterni</strong></span> <span class='ocrx_word' id='word_1_43' title='bbox 1339 413 1537 470; x_wconf 83' lang='lat' dir='ltr'><strong>Filium</strong></span> <span class='ocrx_word' id='word_1_44' title='bbox 1569 413 1812 468; x_wconf 88' lang='lat' dir='ltr'><strong>vendidit</strong></span> <span class='ocrx_word' id='word_1_45' title='bbox 1847 410 2113 466; x_wconf 87' lang='lat' dir='ltr'><strong>Parentis.</strong></span> 
     </span>
    </p>
   </div>
   <div class='ocr_carea' id='block_1_7' title="bbox 546 501 2122 574">
    <p class='ocr_par' dir='ltr' id='par_1_7' title="bbox 546 501 2122 574">
     <span class='ocr_line' id='line_1_7' title="bbox 546 501 2122 574; baseline -0.009 -6"><span class='ocrx_word' id='word_1_46' title='bbox 546 513 744 568; x_wconf 87' lang='lat' dir='ltr'><strong>Audiat</strong></span> <span class='ocrx_word' id='word_1_47' title='bbox 773 511 880 565; x_wconf 90' lang='lat' dir='ltr'><strong>hoc</strong></span> <span class='ocrx_word' id='word_1_48' title='bbox 905 507 1214 574; x_wconf 80' lang='lat' dir='ltr'><strong>haereticus,</strong></span> <span class='ocrx_word' id='word_1_49' title='bbox 1241 505 1426 562; x_wconf 82' lang='lat' dir='ltr'><strong>audiat</strong></span> <span class='ocrx_word' id='word_1_50' title='bbox 1445 513 1500 560; x_wconf 90' lang='lat' dir='ltr'><strong>et</strong></span> <span class='ocrx_word' id='word_1_51' title='bbox 1531 503 1897 566; x_wconf 83' lang='lat' dir='ltr'><strong>Christianus.</strong></span> <span class='ocrx_word' id='word_1_52' title='bbox 1922 501 2122 556; x_wconf 82' lang='lat' dir='ltr'><strong>Audiat</strong></span> 
     </span>
    </p>
   </div>
   <div class='ocr_carea' id='block_1_8' title="bbox 457 592 2115 672">
    <p class='ocr_par' dir='ltr' id='par_1_8' title="bbox 457 592 2115 672">
     <span class='ocr_line' id='line_1_8' title="bbox 457 592 2115 672; baseline -0.008 -13"><span class='ocrx_word' id='word_1_53' title='bbox 457 615 462 622; x_wconf 81' lang='lat'><strong>’</strong></span> <span class='ocrx_word' id='word_1_54' title='bbox 545 613 600 659; x_wconf 89' lang='lat' dir='ltr'><strong>et</strong></span> <span class='ocrx_word' id='word_1_55' title='bbox 623 604 729 668; x_wconf 89' lang='lat' dir='ltr'><strong>ille,</strong></span> <span class='ocrx_word' id='word_1_56' title='bbox 756 601 850 672; x_wconf 88' lang='lat' dir='ltr'><strong>qui</strong></span> <span class='ocrx_word' id='word_1_57' title='bbox 867 600 1008 655; x_wconf 84' lang='lat' dir='ltr'><strong>hanc</strong></span> <span class='ocrx_word' id='word_1_58' title='bbox 1028 598 1258 654; x_wconf 70' lang='lat' dir='ltr'><strong>hmresin</strong></span> <span class='ocrx_word' id='word_1_59' title='bbox 1289 597 1404 652; x_wconf 84' lang='lat' dir='ltr'><strong>vult</strong></span> <span class='ocrx_word' id='word_1_60' title='bbox 1426 595 1612 666; x_wconf 80' lang='lat' dir='ltr'><strong>rabido</strong></span> <span class='ocrx_word' id='word_1_61' title='bbox 1637 610 1730 649; x_wconf 91' lang='lat' dir='ltr'><strong>ore</strong></span> <span class='ocrx_word' id='word_1_62' title='bbox 1760 592 2115 650; x_wconf 90' lang='lat' dir='ltr'><strong>auctorizare.</strong></span> 
     </span>
    </p>
   </div>
   <div class='ocr_carea' id='block_1_9' title="bbox 545 680 2120 760">
    <p class='ocr_par' dir='ltr' id='par_1_9' title="bbox 545 680 2120 760">
     <span class='ocr_line' id='line_1_9' title="bbox 545 680 2120 760; baseline -0.006 -14"><span class='ocrx_word' id='word_1_63' title='bbox 545 692 670 748; x_wconf 84' lang='lat' dir='ltr'><strong>istis</strong></span> <span class='ocrx_word' id='word_1_64' title='bbox 701 692 824 748; x_wconf 83' lang='lat' dir='ltr'><strong>dico</strong></span> <span class='ocrx_word' id='word_1_65' title='bbox 855 710 870 746; x_wconf 90' lang='lat'><strong>:</strong></span> <span class='ocrx_word' id='word_1_66' title='bbox 899 689 1004 746; x_wconf 89' lang='lat' dir='ltr'><strong>Ubi</strong></span> <span class='ocrx_word' id='word_1_67' title='bbox 1038 697 1122 744; x_wconf 90' lang='lat' dir='ltr'><strong>est</strong></span> <span class='ocrx_word' id='word_1_68' title='bbox 1150 688 1295 760; x_wconf 86' lang='lat' dir='ltr'><strong>quod</strong></span> <span class='ocrx_word' id='word_1_69' title='bbox 1327 686 1646 758; x_wconf 87' lang='lat' dir='ltr'><strong>accepistis?</strong></span> <span class='ocrx_word' id='word_1_70' title='bbox 1677 684 1788 742; x_wconf 86' lang='lat' dir='ltr'><strong>Illis</strong></span> <span class='ocrx_word' id='word_1_71' title='bbox 1819 685 1943 740; x_wconf 90' lang='lat' dir='ltr'><strong>dico</strong></span> <span class='ocrx_word' id='word_1_72' title='bbox 1969 701 1982 738; x_wconf 89' lang='lat'><strong>:</strong></span> <span class='ocrx_word' id='word_1_73' title='bbox 2015 680 2120 739; x_wconf 86' lang='lat' dir='ltr'><strong>Ubi</strong></span> 
     </span>
    </p>
   </div>
   <div class='ocr_carea' id='block_1_10' title="bbox 453 775 2118 853">
    <p class='ocr_par' dir='ltr' id='par_1_10' title="bbox 453 775 2118 853">
     <span class='ocr_line' id='line_1_10' title="bbox 453 775 2118 853; baseline -0.007 -13"><span class='ocrx_word' id='word_1_74' title='bbox 453 795 460 802; x_wconf 90' lang='lat'>&#39;</span> <span class='ocrx_word' id='word_1_75' title='bbox 542 791 627 840; x_wconf 86' lang='lat' dir='ltr'><strong>est</strong></span> <span class='ocrx_word' id='word_1_76' title='bbox 653 782 800 853; x_wconf 88' lang='lat' dir='ltr'><strong>quod</strong></span> <span class='ocrx_word' id='word_1_77' title='bbox 827 780 1100 837; x_wconf 80' lang='lat' dir='ltr'><strong>dedistis?</strong></span> <span class='ocrx_word' id='word_1_78' title='bbox 1137 778 1384 835; x_wconf 86' lang='lat' dir='ltr'><strong>Infelices</strong></span> <span class='ocrx_word' id='word_1_79' title='bbox 1423 777 1710 833; x_wconf 80' lang='lat' dir='ltr'><strong>infeliciter</strong></span> <span class='ocrx_word' id='word_1_80' title='bbox 1743 775 1848 832; x_wconf 88' lang='lat' dir='ltr'><strong>sibi</strong></span> <span class='ocrx_word' id='word_1_81' title='bbox 1886 775 2118 830; x_wconf 78' lang='lat' dir='ltr'><strong>invicem</strong></span> 
     </span>
    </p>
   </div>
   <div class='ocr_carea' id='block_1_11' title="bbox 542 867 2120 943">
    <p class='ocr_par' dir='ltr' id='par_1_11' title="bbox 542 867 2120 943">
     <span class='ocr_line' id='line_1_11' title="bbox 542 867 2120 943; baseline -0.004 -14"><span class='ocrx_word' id='word_1_82' title='bbox 542 883 735 930; x_wconf 84' lang='lat' dir='ltr'><strong>contra</strong></span> <span class='ocrx_word' id='word_1_83' title='bbox 769 872 1274 943; x_wconf 84' lang='lat' dir='ltr'><strong>campseruntzhic,</strong></span> <span class='ocrx_word' id='word_1_84' title='bbox 1315 879 1377 926; x_wconf 93' lang='lat' dir='ltr'><strong>ut</strong></span> <span class='ocrx_word' id='word_1_85' title='bbox 1414 869 1722 926; x_wconf 89' lang='lat' dir='ltr'><strong>consuleret</strong></span> <span class='ocrx_word' id='word_1_86' title='bbox 1761 883 1875 924; x_wconf 72' lang='lat' dir='ltr'><strong>sua:</strong></span> <span class='ocrx_word' id='word_1_87' title='bbox 1911 867 2120 939; x_wconf 87' lang='lat' dir='ltr'><strong>philar-</strong></span> 
     </span>
    </p>
   </div>
   <div class='ocr_carea' id='block_1_12' title="bbox 545 959 2120 1036">
    <p class='ocr_par' dir='ltr' id='par_1_12' title="bbox 545 959 2120 1036">
     <span class='ocr_line' id='line_1_12' title="bbox 545 959 2120 1036; baseline -0.003 -18"><span class='ocrx_word' id='word_1_88' title='bbox 545 966 752 1036; x_wconf 65' lang='lat' dir='ltr'><strong>gyria&#39;;</strong></span> <span class='ocrx_word' id='word_1_89' title='bbox 792 965 899 1030; x_wconf 84' lang='lat' dir='ltr'><strong>ille,</strong></span> <span class='ocrx_word' id='word_1_90' title='bbox 937 971 998 1019; x_wconf 90' lang='lat' dir='ltr'><strong>ut</strong></span> <span class='ocrx_word' id='word_1_91' title='bbox 1037 961 1374 1019; x_wconf 83' lang='lat' dir='ltr'><strong>satisfaceret</strong></span> <span class='ocrx_word' id='word_1_92' title='bbox 1405 962 1638 1033; x_wconf 76' lang='lat' dir='ltr'><strong>preprim</strong></span> <span class='ocrx_word' id='word_1_93' title='bbox 1671 961 1942 1032; x_wconf 82' lang='lat' dir='ltr'><strong>nequitiae.</strong></span> <span class='ocrx_word' id='word_1_94' title='bbox 1971 959 2120 1026; x_wconf 80' lang='lat' dir='ltr'><strong>Qua-</strong></span> 
     </span>
    </p>
   </div>
   <div class='ocr_carea' id='block_1_13' title="bbox 545 1048 2120 1126">
    <p class='ocr_par' dir='ltr' id='par_1_13' title="bbox 545 1048 2120 1126">
     <span class='ocr_line' id='line_1_13' title="bbox 545 1048 2120 1126; baseline -0.003 -19"><span class='ocrx_word' id='word_1_95' title='bbox 545 1065 769 1126; x_wconf 77' lang='lat' dir='ltr'><strong>propter</strong></span> <span class='ocrx_word' id='word_1_96' title='bbox 791 1071 892 1110; x_wconf 86' lang='lat' dir='ltr'><strong>nec</strong></span> <span class='ocrx_word' id='word_1_97' title='bbox 918 1055 1009 1110; x_wconf 84' lang='lat' dir='ltr'><strong>ille</strong></span> <span class='ocrx_word' id='word_1_98' title='bbox 1035 1054 1198 1108; x_wconf 83' lang='lat' dir='ltr'><strong>habet</strong></span> <span class='ocrx_word' id='word_1_99' title='bbox 1219 1054 1476 1124; x_wconf 86' lang='lat' dir='ltr'><strong>pretium,</strong></span> <span class='ocrx_word' id='word_1_100' title='bbox 1513 1068 1612 1108; x_wconf 90' lang='lat' dir='ltr'><strong>nec</strong></span> <span class='ocrx_word' id='word_1_101' title='bbox 1635 1051 1712 1107; x_wconf 90' lang='lat' dir='ltr'><strong>illi</strong></span> <span class='ocrx_word' id='word_1_102' title='bbox 1739 1051 1938 1106; x_wconf 86' lang='lat' dir='ltr'><strong>habent</strong></span> <span class='ocrx_word' id='word_1_103' title='bbox 1955 1048 2120 1104; x_wconf 80' lang='lat' dir='ltr'><strong>Chri—</strong></span> 
     </span>
    </p>
   </div>
   <div class='ocr_carea' id='block_1_14' title="bbox 546 1141 2124 1216">
    <p class='ocr_par' dir='ltr' id='par_1_14' title="bbox 546 1141 2124 1216">
     <span class='ocr_line' id='line_1_14' title="bbox 546 1141 2124 1216; baseline -0.004 -13"><span class='ocrx_word' id='word_1_104' title='bbox 546 1157 712 1203; x_wconf 82' lang='lat' dir='ltr'><strong>stnm.</strong></span> <span class='ocrx_word' id='word_1_105' title='bbox 739 1146 986 1212; x_wconf 80' lang='lat' dir='ltr'><strong>Exsulta,</strong></span> <span class='ocrx_word' id='word_1_106' title='bbox 1005 1145 1334 1210; x_wconf 86' lang='lat' dir='ltr'><strong>Christiane,</strong></span> <span class='ocrx_word' id='word_1_107' title='bbox 1352 1144 1482 1215; x_wconf 86' lang='lat' dir='ltr'><strong>quia</strong></span> <span class='ocrx_word' id='word_1_108' title='bbox 1513 1145 1658 1216; x_wconf 90' lang='lat' dir='ltr'><strong>quod</strong></span> <span class='ocrx_word' id='word_1_109' title='bbox 1692 1143 1862 1199; x_wconf 84' lang='lat' dir='ltr'><strong>Judas</strong></span> <span class='ocrx_word' id='word_1_110' title='bbox 1879 1141 2124 1198; x_wconf 82' lang='lat' dir='ltr'><strong>vendidit</strong></span> 
     </span>
    </p>
   </div>
   <div class='ocr_carea' id='block_1_15' title="bbox 548 1234 2124 1307">
    <p class='ocr_par' dir='ltr' id='par_1_15' title="bbox 548 1234 2124 1307">
     <span class='ocr_line' id='line_1_15' title="bbox 548 1234 2124 1307; baseline -0.003 -14"><span class='ocrx_word' id='word_1_111' title='bbox 548 1237 848 1294; x_wconf 66' lang='lat' dir='ltr'><strong>etJudacus</strong></span> <span class='ocrx_word' id='word_1_112' title='bbox 884 1237 1036 1304; x_wconf 87' lang='lat' dir='ltr'><strong>emit,</strong></span> <span class='ocrx_word' id='word_1_113' title='bbox 1079 1246 1139 1292; x_wconf 91' lang='lat' dir='ltr'><strong>tu</strong></span> <span class='ocrx_word' id='word_1_114' title='bbox 1179 1235 1484 1307; x_wconf 85' lang='lat' dir='ltr'><strong>acquisisti.</strong></span> <span class='ocrx_word' id='word_1_115' title='bbox 1520 1234 1735 1292; x_wconf 84' lang='lat' dir='ltr'><strong>Grande</strong></span> <span class='ocrx_word' id='word_1_116' title='bbox 1779 1235 1986 1290; x_wconf 86' lang='lat' dir='ltr'><strong>bonum</strong></span> <span class='ocrx_word' id='word_1_117' title='bbox 2021 1249 2124 1290; x_wconf 88' lang='lat' dir='ltr'><strong>suo</strong></span> 
     </span>
    </p>
   </div>
   <div class='ocr_carea' id='block_1_16' title="bbox 548 1327 1522 1400">
    <p class='ocr_par' dir='ltr' id='par_1_16' title="bbox 548 1327 1522 1400">
     <span class='ocr_line' id='line_1_16' title="bbox 548 1327 1522 1400; baseline -0.005 -16"><span class='ocrx_word' id='word_1_118' title='bbox 548 1331 694 1385; x_wconf 85' lang='lat' dir='ltr'><strong>malo</strong></span> <span class='ocrx_word' id='word_1_119' title='bbox 729 1329 936 1400; x_wconf 86' lang='lat' dir='ltr'><strong>operati</strong></span> <span class='ocrx_word' id='word_1_120' title='bbox 961 1335 1090 1384; x_wconf 88' lang='lat' dir='ltr'><strong>sunt</strong></span> <span class='ocrx_word' id='word_1_121' title='bbox 1109 1327 1266 1384; x_wconf 91' lang='lat' dir='ltr'><strong>nobis</strong></span> <span class='ocrx_word' id='word_1_122' title='bbox 1287 1327 1466 1382; x_wconf 89' lang='lat' dir='ltr'><strong>ambo.</strong></span> <span class='ocrx_word' id='word_1_123' title='bbox 1505 1345 1522 1379; x_wconf 77' lang='grc' dir='ltr'><strong>ι</strong></span> 
     </span>
    </p>
   </div>
   <div class='ocr_carea' id='block_1_17' title="bbox 617 1416 2126 1477">
    <p class='ocr_par' dir='ltr' id='par_1_17' title="bbox 617 1416 2126 1477">
     <span class='ocr_line' id='line_1_17' title="bbox 617 1416 2126 1477; baseline -0.002 -2"><span class='ocrx_word' id='word_1_124' title='bbox 617 1421 750 1477; x_wconf 85' lang='lat' dir='ltr'><strong>item</strong></span> <span class='ocrx_word' id='word_1_125' title='bbox 783 1423 836 1476; x_wconf 91' lang='lat' dir='ltr'><strong>in</strong></span> <span class='ocrx_word' id='word_1_126' title='bbox 865 1421 1054 1476; x_wconf 86' lang='lat' dir='ltr'><strong>eadem</strong></span> <span class='ocrx_word' id='word_1_127' title='bbox 1096 1439 1108 1475; x_wconf 90' lang='lat'>:</span> <span class='ocrx_word' id='word_1_128' title='bbox 1145 1439 1162 1473; x_wconf 75' lang='grc' dir='ltr'>ι</span> <span class='ocrx_word' id='word_1_129' title='bbox 1201 1419 1258 1475; x_wconf 91' lang='lat' dir='ltr'><strong>Si</strong></span> <span class='ocrx_word' id='word_1_130' title='bbox 1291 1419 1386 1476; x_wconf 86' lang='lat' dir='ltr'><strong>tali</strong></span> <span class='ocrx_word' id='word_1_131' title='bbox 1433 1417 1756 1474; x_wconf 83' lang='lat' dir='ltr'><strong>exterminio</strong></span> <span class='ocrx_word' id='word_1_132' title='bbox 1781 1416 2014 1474; x_wconf 88' lang='lat' dir='ltr'><strong>traditus</strong></span> <span class='ocrx_word' id='word_1_133' title='bbox 2043 1425 2126 1473; x_wconf 88' lang='lat' dir='ltr'><strong>est</strong></span> 
     </span>
    </p>
   </div>
   <div class='ocr_carea' id='block_1_18' title="bbox 547 1509 2123 1584">
    <p class='ocr_par' dir='ltr' id='par_1_18' title="bbox 547 1509 2123 1584">
     <span class='ocr_line' id='line_1_18' title="bbox 547 1509 2123 1584; baseline -0.003 -16"><span class='ocrx_word' id='word_1_134' title='bbox 547 1514 643 1584; x_wconf 88' lang='lat' dir='ltr'><strong>qui</strong></span> <span class='ocrx_word' id='word_1_135' title='bbox 667 1512 908 1568; x_wconf 88' lang='lat' dir='ltr'><strong>vendidit</strong></span> <span class='ocrx_word' id='word_1_136' title='bbox 929 1511 1228 1577; x_wconf 89' lang='lat' dir='ltr'><strong>Christum,</strong></span> <span class='ocrx_word' id='word_1_137' title='bbox 1271 1511 1404 1582; x_wconf 90' lang='lat' dir='ltr'><strong>quid</strong></span> <span class='ocrx_word' id='word_1_138' title='bbox 1431 1511 1538 1566; x_wconf 90' lang='lat' dir='ltr'><strong>erit</strong></span> <span class='ocrx_word' id='word_1_139' title='bbox 1573 1511 1640 1566; x_wconf 89' lang='lat' dir='ltr'><strong>de</strong></span> <span class='ocrx_word' id='word_1_140' title='bbox 1676 1509 1841 1566; x_wconf 90' lang='lat' dir='ltr'><strong>sociis</strong></span> <span class='ocrx_word' id='word_1_141' title='bbox 1871 1509 1992 1581; x_wconf 86' lang='lat' dir='ltr'><strong>ejus</strong></span> <span class='ocrx_word' id='word_1_142' title='bbox 2029 1509 2123 1580; x_wconf 89' lang='lat' dir='ltr'><strong>qui</strong></span> 
     </span>
    </p>
   </div>
   <div class='ocr_carea' id='block_1_19' title="bbox 547 1601 2127 1674">
    <p class='ocr_par' dir='ltr' id='par_1_19' title="bbox 547 1601 2127 1674">
     <span class='ocr_line' id='line_1_19' title="bbox 547 1601 2127 1674; baseline -0.003 -13"><span class='ocrx_word' id='word_1_143' title='bbox 547 1614 740 1662; x_wconf 79' lang='lat' dir='ltr'><strong>emunt</strong></span> <span class='ocrx_word' id='word_1_144' title='bbox 773 1605 855 1660; x_wconf 89' lang='lat' dir='ltr'><strong>vel</strong></span> <span class='ocrx_word' id='word_1_145' title='bbox 881 1605 1122 1660; x_wconf 90' lang='lat' dir='ltr'><strong>vendunt</strong></span> <span class='ocrx_word' id='word_1_146' title='bbox 1142 1604 1522 1660; x_wconf 88' lang='lat' dir='ltr'><strong>Paraclctum?</strong></span> <span class='ocrx_word' id='word_1_147' title='bbox 1545 1601 1801 1674; x_wconf 82' lang='lat' dir='ltr'><strong>Nunquid</strong></span> <span class='ocrx_word' id='word_1_148' title='bbox 1835 1617 1943 1658; x_wconf 90' lang='lat' dir='ltr'><strong>non</strong></span> <span class='ocrx_word' id='word_1_149' title='bbox 1967 1617 2127 1672; x_wconf 89' lang='lat' dir='ltr'><strong>pares</strong></span> 
     </span>
    </p>
   </div>
   <div class='ocr_carea' id='block_1_20' title="bbox 545 1691 2126 1766">
    <p class='ocr_par' dir='ltr' id='par_1_20' title="bbox 545 1691 2126 1766">
     <span class='ocr_line' id='line_1_20' title="bbox 545 1691 2126 1766; baseline -0.004 -13"><span class='ocrx_word' id='word_1_150' title='bbox 545 1706 677 1753; x_wconf 88' lang='lat' dir='ltr'><strong>sunt</strong></span> <span class='ocrx_word' id='word_1_151' title='bbox 701 1697 754 1752; x_wconf 90' lang='lat' dir='ltr'><strong>in</strong></span> <span class='ocrx_word' id='word_1_152' title='bbox 790 1697 996 1752; x_wconf 88' lang='lat' dir='ltr'><strong>ultione</strong></span> <span class='ocrx_word' id='word_1_153' title='bbox 1027 1695 1118 1766; x_wconf 88' lang='lat' dir='ltr'><strong>qui</strong></span> <span class='ocrx_word' id='word_1_154' title='bbox 1144 1711 1304 1766; x_wconf 88' lang='lat' dir='ltr'><strong>pares</strong></span> <span class='ocrx_word' id='word_1_155' title='bbox 1335 1703 1464 1750; x_wconf 88' lang='lat' dir='ltr'><strong>sunt</strong></span> <span class='ocrx_word' id='word_1_156' title='bbox 1486 1694 1541 1749; x_wconf 91' lang='lat' dir='ltr'><strong>in</strong></span> <span class='ocrx_word' id='word_1_157' title='bbox 1573 1692 1840 1749; x_wconf 78' lang='lat' dir='ltr'><strong>crimine?</strong></span> <span class='ocrx_word' id='word_1_158' title='bbox 1877 1691 1970 1747; x_wconf 84' lang='lat' dir='ltr'><strong>ille</strong></span> <span class='ocrx_word' id='word_1_159' title='bbox 1993 1709 2126 1748; x_wconf 86' lang='lat' dir='ltr'><strong>vcn-</strong></span> 
     </span>
    </p>
   </div>
   <div class='ocr_carea' id='block_1_21' title="bbox 545 1784 2126 1859">
    <p class='ocr_par' dir='ltr' id='par_1_21' title="bbox 545 1784 2126 1859">
     <span class='ocr_line' id='line_1_21' title="bbox 545 1784 2126 1859; baseline -0.001 -16"><span class='ocrx_word' id='word_1_160' title='bbox 545 1789 684 1844; x_wconf 83' lang='lat' dir='ltr'><strong>didit</strong></span> <span class='ocrx_word' id='word_1_161' title='bbox 711 1788 931 1844; x_wconf 86' lang='lat' dir='ltr'><strong>Filium.</strong></span> <span class='ocrx_word' id='word_1_162' title='bbox 957 1786 1073 1851; x_wconf 83' lang='lat' dir='ltr'><strong>Isti,</strong></span> <span class='ocrx_word' id='word_1_163' title='bbox 1096 1796 1364 1859; x_wconf 90' lang='lat' dir='ltr'><strong>quantum</strong></span> <span class='ocrx_word' id='word_1_164' title='bbox 1391 1787 1446 1842; x_wconf 92' lang='lat' dir='ltr'><strong>in</strong></span> <span class='ocrx_word' id='word_1_165' title='bbox 1477 1802 1536 1842; x_wconf 90' lang='lat' dir='ltr'><strong>se</strong></span> <span class='ocrx_word' id='word_1_166' title='bbox 1565 1787 1700 1858; x_wconf 87' lang='lat' dir='ltr'><strong>ipsis</strong></span> <span class='ocrx_word' id='word_1_167' title='bbox 1724 1794 1828 1854; x_wconf 87' lang='lat' dir='ltr'><strong>est,</strong></span> <span class='ocrx_word' id='word_1_168' title='bbox 1859 1784 2126 1857; x_wconf 86' lang='lat' dir='ltr'><strong>Spiritum</strong></span> 
     </span>
    </p>
   </div>
   <div class='ocr_carea' id='block_1_22' title="bbox 549 1880 1454 1937">
    <p class='ocr_par' dir='ltr' id='par_1_22' title="bbox 549 1880 1454 1937">
     <span class='ocr_line' id='line_1_22' title="bbox 549 1880 1454 1937; baseline -0.003 0"><span class='ocrx_word' id='word_1_169' title='bbox 549 1889 798 1937; x_wconf 72' lang='lat' dir='ltr'><strong>sanetum</strong></span> <span class='ocrx_word' id='word_1_170' title='bbox 826 1888 1098 1936; x_wconf 84' lang='lat' dir='ltr'><strong>conantur</strong></span> <span class='ocrx_word' id='word_1_171' title='bbox 1131 1880 1384 1936; x_wconf 85' lang='lat' dir='ltr'><strong>vendere.</strong></span> <span class='ocrx_word' id='word_1_172' title='bbox 1434 1897 1454 1934; x_wconf 69' lang='grc' dir='ltr'><strong><em>ι</em></strong></span> 
     </span>
    </p>
   </div>
   <div class='ocr_carea' id='block_1_23' title="bbox 617 1969 2126 2044">
    <p class='ocr_par' dir='ltr' id='par_1_23' title="bbox 617 1969 2126 2044">
     <span class='ocr_line' id='line_1_23' title="bbox 617 1969 2126 2044; baseline 0.001 -18"><span class='ocrx_word' id='word_1_173' title='bbox 617 1971 752 2028; x_wconf 86' lang='lat' dir='ltr'><strong>Cum</strong></span> <span class='ocrx_word' id='word_1_174' title='bbox 779 1981 958 2029; x_wconf 88' lang='lat' dir='ltr'><strong>autem</strong></span> <span class='ocrx_word' id='word_1_175' title='bbox 980 1973 1222 2044; x_wconf 89' lang='lat' dir='ltr'><strong>quidam,</strong></span> <span class='ocrx_word' id='word_1_176' title='bbox 1241 1971 1480 2039; x_wconf 88' lang='lat' dir='ltr'><strong>domine,</strong></span> <span class='ocrx_word' id='word_1_177' title='bbox 1504 1979 1558 2027; x_wconf 90' lang='lat' dir='ltr'><strong>et</strong></span> <span class='ocrx_word' id='word_1_178' title='bbox 1585 1970 1820 2026; x_wconf 79' lang='lat' dir='ltr'><strong>maxime</strong></span> <span class='ocrx_word' id='word_1_179' title='bbox 1841 1969 1982 2042; x_wconf 89' lang='lat' dir='ltr'><strong>apud</strong></span> <span class='ocrx_word' id='word_1_180' title='bbox 2006 1986 2126 2037; x_wconf 91' lang='lat' dir='ltr'><strong>vos,</strong></span> 
     </span>
    </p>
   </div>
   <div class='ocr_carea' id='block_1_24' title="bbox 459 2062 2126 2132">
    <p class='ocr_par' dir='ltr' id='par_1_24' title="bbox 459 2062 2126 2132">
     <span class='ocr_line' id='line_1_24' title="bbox 459 2062 2126 2132; baseline 0.001 -14"><span class='ocrx_word' id='word_1_181' title='bbox 459 2081 465 2088; x_wconf 90' lang='grc'><strong>·</strong></span> <span class='ocrx_word' id='word_1_182' title='bbox 545 2063 900 2120; x_wconf 84' lang='lat' dir='ltr'><strong>blandiantur</strong></span> <span class='ocrx_word' id='word_1_183' title='bbox 917 2065 1041 2132; x_wconf 89' lang='lat' dir='ltr'><strong>sibi,</strong></span> <span class='ocrx_word' id='word_1_184' title='bbox 1065 2064 1394 2120; x_wconf 82' lang='lat' dir='ltr'><strong>aiiirmantes</strong></span> <span class='ocrx_word' id='word_1_185' title='bbox 1413 2079 1471 2120; x_wconf 90' lang='lat' dir='ltr'><strong>se</strong></span> <span class='ocrx_word' id='word_1_186' title='bbox 1492 2079 1603 2118; x_wconf 91' lang='lat' dir='ltr'><strong>non</strong></span> <span class='ocrx_word' id='word_1_187' title='bbox 1616 2079 1738 2119; x_wconf 88' lang='lat' dir='ltr'><strong>esse</strong></span> <span class='ocrx_word' id='word_1_188' title='bbox 1761 2062 2126 2132; x_wconf 84' lang='lat' dir='ltr'><strong>Simoniacos,</strong></span> 
     </span>
    </p>
   </div>
   <div class='ocr_carea' id='block_1_25' title="bbox 548 2155 2127 2226">
    <p class='ocr_par' dir='ltr' id='par_1_25' title="bbox 548 2155 2127 2226">
     <span class='ocr_line' id='line_1_25' title="bbox 548 2155 2127 2226; baseline 0 -16"><span class='ocrx_word' id='word_1_189' title='bbox 548 2155 678 2226; x_wconf 87' lang='lat' dir='ltr'><strong>quia</strong></span> <span class='ocrx_word' id='word_1_190' title='bbox 711 2171 820 2210; x_wconf 91' lang='lat' dir='ltr'><strong>non</strong></span> <span class='ocrx_word' id='word_1_191' title='bbox 873 2157 1106 2212; x_wconf 88' lang='lat' dir='ltr'><strong>emerint</strong></span> <span class='ocrx_word' id='word_1_192' title='bbox 1129 2157 1209 2212; x_wconf 86' lang='lat' dir='ltr'><strong>vel</strong></span> <span class='ocrx_word' id='word_1_193' title='bbox 1231 2157 1572 2212; x_wconf 82' lang='lat' dir='ltr'><strong>vendiderint</strong></span> <span class='ocrx_word' id='word_1_194' title='bbox 1615 2156 1896 2224; x_wconf 84' lang='lat' dir='ltr'><strong>ecclesias,</strong></span> <span class='ocrx_word' id='word_1_195' title='bbox 1923 2157 2007 2212; x_wconf 88' lang='lat' dir='ltr'><strong>vel</strong></span> <span class='ocrx_word' id='word_1_196' title='bbox 2045 2156 2127 2210; x_wconf 91' lang='lat' dir='ltr'><strong>al-</strong></span> 
     </span>
    </p>
   </div>
   <div class='ocr_carea' id='block_1_26' title="bbox 550 2245 2129 2315">
    <p class='ocr_par' dir='ltr' id='par_1_26' title="bbox 550 2245 2129 2315">
     <span class='ocr_line' id='line_1_26' title="bbox 550 2245 2129 2315; baseline 0 -13"><span class='ocrx_word' id='word_1_197' title='bbox 550 2245 710 2315; x_wconf 88' lang='lat' dir='ltr'><strong>taria,</strong></span> <span class='ocrx_word' id='word_1_198' title='bbox 747 2248 837 2304; x_wconf 90' lang='lat' dir='ltr'><strong>sed</strong></span> <span class='ocrx_word' id='word_1_199' title='bbox 863 2263 952 2303; x_wconf 90' lang='lat' dir='ltr'><strong>res</strong></span> <span class='ocrx_word' id='word_1_200' title='bbox 985 2255 1040 2304; x_wconf 89' lang='lat' dir='ltr'><strong>et</strong></span> <span class='ocrx_word' id='word_1_201' title='bbox 1071 2248 1357 2304; x_wconf 89' lang='lat' dir='ltr'><strong>commoda</strong></span> <span class='ocrx_word' id='word_1_202' title='bbox 1394 2247 1638 2304; x_wconf 90' lang='lat' dir='ltr'><strong>ecclesiis</strong></span> <span class='ocrx_word' id='word_1_203' title='bbox 1671 2248 1974 2315; x_wconf 88' lang='lat' dir='ltr'><strong>attinentia,</strong></span> <span class='ocrx_word' id='word_1_204' title='bbox 2030 2263 2129 2303; x_wconf 89' lang='lat' dir='ltr'><strong>au-</strong></span> 
     </span>
    </p>
   </div>
   <div class='ocr_carea' id='block_1_27' title="bbox 548 2337 2130 2412">
    <p class='ocr_par' dir='ltr' id='par_1_27' title="bbox 548 2337 2130 2412">
     <span class='ocr_line' id='line_1_27' title="bbox 548 2337 2130 2412; baseline 0.003 -20"><span class='ocrx_word' id='word_1_205' title='bbox 548 2337 606 2392; x_wconf 89' lang='lat' dir='ltr'><strong>di</strong></span> <span class='ocrx_word' id='word_1_206' title='bbox 639 2339 890 2394; x_wconf 88' lang='lat' dir='ltr'><strong>eumdem</strong></span> <span class='ocrx_word' id='word_1_207' title='bbox 921 2338 1234 2396; x_wconf 83' lang='lat' dir='ltr'><strong>Paschalcm</strong></span> <span class='ocrx_word' id='word_1_208' title='bbox 1259 2340 1315 2394; x_wconf 91' lang='lat' dir='ltr'><strong>in</strong></span> <span class='ocrx_word' id='word_1_209' title='bbox 1339 2340 1526 2396; x_wconf 89' lang='lat' dir='ltr'><strong>eadem</strong></span> <span class='ocrx_word' id='word_1_210' title='bbox 1551 2340 1817 2411; x_wconf 89' lang='lat' dir='ltr'><strong>epistola:</strong></span> <span class='ocrx_word' id='word_1_211' title='bbox 1855 2360 1872 2392; x_wconf 71' lang='grc' dir='ltr'>ι</span> <span class='ocrx_word' id='word_1_212' title='bbox 1913 2339 1970 2394; x_wconf 89' lang='lat' dir='ltr'><strong>Si</strong></span> <span class='ocrx_word' id='word_1_213' title='bbox 2005 2341 2130 2412; x_wconf 89' lang='lat' dir='ltr'><strong>quis</strong></span> 
     </span>
    </p>
   </div>
   <div class='ocr_carea' id='block_1_28' title="bbox 549 2429 2128 2504">
    <p class='ocr_par' dir='ltr' id='par_1_28' title="bbox 549 2429 2128 2504">
     <span class='ocr_line' id='line_1_28' title="bbox 549 2429 2128 2504; baseline 0.003 -20"><span class='ocrx_word' id='word_1_214' title='bbox 549 2429 815 2500; x_wconf 87' lang='lat' dir='ltr'><strong>objecerit</strong></span> <span class='ocrx_word' id='word_1_215' title='bbox 843 2446 951 2486; x_wconf 90' lang='lat' dir='ltr'><strong>non</strong></span> <span class='ocrx_word' id='word_1_216' title='bbox 986 2432 1452 2500; x_wconf 88' lang='lat' dir='ltr'><strong>consecrationes,</strong></span> <span class='ocrx_word' id='word_1_217' title='bbox 1477 2433 1571 2490; x_wconf 88' lang='lat' dir='ltr'><strong>sed</strong></span> <span class='ocrx_word' id='word_1_218' title='bbox 1608 2449 1696 2488; x_wconf 88' lang='lat' dir='ltr'><strong>res</strong></span> <span class='ocrx_word' id='word_1_219' title='bbox 1721 2433 1869 2503; x_wconf 89' lang='lat' dir='ltr'><strong>ipsas</strong></span> <span class='ocrx_word' id='word_1_220' title='bbox 1901 2448 2024 2504; x_wconf 77' lang='lat' dir='ltr'><strong>quze</strong></span> <span class='ocrx_word' id='word_1_221' title='bbox 2061 2449 2128 2489; x_wconf 78' lang='lat' dir='ltr'><strong>ex</strong></span> 
     </span>
    </p>
   </div>
   <div class='ocr_carea' id='block_1_29' title="bbox 377 2515 2127 2598">
    <p class='ocr_par' dir='ltr' id='par_1_29' title="bbox 377 2515 2127 2598">
     <span class='ocr_line' id='line_1_29' title="bbox 377 2515 2127 2598; baseline 0.003 -23"><span class='ocrx_word' id='word_1_222' title='bbox 377 2515 387 2523; x_wconf 87' lang='grc'><strong>’</strong></span> <span class='ocrx_word' id='word_1_223' title='bbox 459 2532 464 2536; x_wconf 84' lang='grc'><strong>·</strong></span> <span class='ocrx_word' id='word_1_224' title='bbox 549 2523 962 2578; x_wconf 85' lang='lat' dir='ltr'><strong>consecratione</strong></span> <span class='ocrx_word' id='word_1_225' title='bbox 1023 2523 1368 2596; x_wconf 86' lang='lat' dir='ltr'><strong>proveniunt,</strong></span> <span class='ocrx_word' id='word_1_226' title='bbox 1417 2525 1598 2592; x_wconf 77' lang='lat' dir='ltr'><strong>vendi,</strong></span> <span class='ocrx_word' id='word_1_227' title='bbox 1638 2525 1853 2580; x_wconf 83' lang='lat' dir='ltr'><strong>videtur</strong></span> <span class='ocrx_word' id='word_1_228' title='bbox 1909 2525 2127 2598; x_wconf 87' lang='lat' dir='ltr'><strong>quidem</strong></span> 
     </span>
    </p>
   </div>
   <div class='ocr_carea' id='block_1_30' title="bbox 550 2613 2127 2690">
    <p class='ocr_par' dir='ltr' id='par_1_30' title="bbox 550 2613 2127 2690">
     <span class='ocr_line' id='line_1_30' title="bbox 550 2613 2127 2690; baseline 0.003 -22"><span class='ocrx_word' id='word_1_229' title='bbox 550 2613 755 2684; x_wconf 87' lang='lat' dir='ltr'><strong>aliquid</strong></span> <span class='ocrx_word' id='word_1_230' title='bbox 797 2616 998 2683; x_wconf 87' lang='lat' dir='ltr'><strong>dicere,</strong></span> <span class='ocrx_word' id='word_1_231' title='bbox 1037 2615 1172 2672; x_wconf 89' lang='lat' dir='ltr'><strong>nihil</strong></span> <span class='ocrx_word' id='word_1_232' title='bbox 1220 2627 1402 2672; x_wconf 90' lang='lat' dir='ltr'><strong>autem</strong></span> <span class='ocrx_word' id='word_1_233' title='bbox 1453 2618 1670 2690; x_wconf 90' lang='lat' dir='ltr'><strong>penitus</strong></span> <span class='ocrx_word' id='word_1_234' title='bbox 1723 2617 1945 2675; x_wconf 84' lang='lat' dir='ltr'><strong>sentire.</strong></span> <span class='ocrx_word' id='word_1_235' title='bbox 1991 2616 2127 2673; x_wconf 85' lang='lat' dir='ltr'><strong>Nam</strong></span> 
     </span>
    </p>
   </div>
   <div class='ocr_carea' id='block_1_31' title="bbox 549 2708 2128 2783">
    <p class='ocr_par' dir='ltr' id='par_1_31' title="bbox 549 2708 2128 2783">
     <span class='ocr_line' id='line_1_31' title="bbox 549 2708 2128 2783; baseline 0.003 -21"><span class='ocrx_word' id='word_1_236' title='bbox 549 2723 676 2762; x_wconf 88' lang='lat' dir='ltr'><strong>cum</strong></span> <span class='ocrx_word' id='word_1_237' title='bbox 710 2709 1011 2778; x_wconf 84' lang='lat' dir='ltr'><strong>corporalis</strong></span> <span class='ocrx_word' id='word_1_238' title='bbox 1037 2708 1292 2766; x_wconf 76' lang='lat' dir='ltr'><strong>Ecclesia:</strong></span> <span class='ocrx_word' id='word_1_239' title='bbox 1324 2720 1421 2766; x_wconf 91' lang='lat' dir='ltr'><strong>aut</strong></span> <span class='ocrx_word' id='word_1_240' title='bbox 1454 2711 1769 2783; x_wconf 87' lang='lat' dir='ltr'><strong>episcopus,</strong></span> <span class='ocrx_word' id='word_1_241' title='bbox 1801 2720 1898 2766; x_wconf 89' lang='lat' dir='ltr'><strong>aut</strong></span> <span class='ocrx_word' id='word_1_242' title='bbox 1934 2712 2128 2778; x_wconf 85' lang='lat' dir='ltr'><strong>abbas,</strong></span> 
     </span>
    </p>
   </div>
   <div class='ocr_carea' id='block_1_32' title="bbox 551 2800 2130 2876">
    <p class='ocr_par' dir='ltr' id='par_1_32' title="bbox 551 2800 2130 2876">
     <span class='ocr_line' id='line_1_32' title="bbox 551 2800 2130 2876; baseline 0.004 -22"><span class='ocrx_word' id='word_1_243' title='bbox 551 2809 647 2855; x_wconf 87' lang='lat' dir='ltr'><strong>aut</strong></span> <span class='ocrx_word' id='word_1_244' title='bbox 674 2800 813 2856; x_wconf 86' lang='lat' dir='ltr'><strong>alius</strong></span> <span class='ocrx_word' id='word_1_245' title='bbox 835 2801 1033 2872; x_wconf 87' lang='lat' dir='ltr'><strong>aliquis</strong></span> <span class='ocrx_word' id='word_1_246' title='bbox 1055 2803 1172 2858; x_wconf 89' lang='lat' dir='ltr'><strong>sine</strong></span> <span class='ocrx_word' id='word_1_247' title='bbox 1201 2803 1365 2860; x_wconf 85' lang='lat' dir='ltr'><strong>rebus</strong></span> <span class='ocrx_word' id='word_1_248' title='bbox 1401 2805 1778 2876; x_wconf 83' lang='lat' dir='ltr'><strong>corporalibus</strong></span> <span class='ocrx_word' id='word_1_249' title='bbox 1801 2813 1856 2860; x_wconf 91' lang='lat' dir='ltr'><strong>et</strong></span> <span class='ocrx_word' id='word_1_250' title='bbox 1895 2803 2130 2861; x_wconf 78' lang='lat' dir='ltr'><strong>exterio-</strong></span> 
     </span>
    </p>
   </div>
   <div class='ocr_carea' id='block_1_33' title="bbox 2221 402 3803 476">
    <p class='ocr_par' dir='ltr' id='par_1_33' title="bbox 2221 402 3803 476">
     <span class='ocr_line' id='line_1_33' title="bbox 2221 402 3803 476; baseline -0.002 -15"><span class='ocrx_word' id='word_1_251' title='bbox 2221 406 2388 461; x_wconf 87' lang='lat' dir='ltr'><strong>sideri</strong></span> <span class='ocrx_word' id='word_1_252' title='bbox 2443 405 2583 476; x_wconf 81' lang='lat' dir='ltr'><strong>(Act.</strong></span> <span class='ocrx_word' id='word_1_253' title='bbox 2641 404 2782 472; x_wconf 78' lang='lat' dir='ltr'><strong>vin).</strong></span> <span class='ocrx_word' id='word_1_254' title='bbox 2833 423 2851 458; x_wconf 75' lang='grc' dir='ltr'><strong>ι</strong></span> <span class='ocrx_word' id='word_1_255' title='bbox 2893 402 2996 460; x_wconf 86' lang='lat' dir='ltr'><strong>Ubi</strong></span> <span class='ocrx_word' id='word_1_256' title='bbox 3040 420 3164 460; x_wconf 90' lang='lat' dir='ltr'><strong>cum</strong></span> <span class='ocrx_word' id='word_1_257' title='bbox 3195 405 3528 458; x_wconf 71' lang='lat' dir='ltr'><strong>eaistimasti</strong></span> <span class='ocrx_word' id='word_1_258' title='bbox 3589 405 3803 470; x_wconf 70' lang='lat' dir='ltr'><strong>dicitur,</strong></span> 
     </span>
    </p>
   </div>
   <div class='ocr_carea' id='block_1_34' title="bbox 2219 495 3806 569">
    <p class='ocr_par' dir='ltr' id='par_1_34' title="bbox 2219 495 3806 569">
     <span class='ocr_line' id='line_1_34' title="bbox 2219 495 3806 569; baseline 0 -17"><span class='ocrx_word' id='word_1_259' title='bbox 2219 505 2366 569; x_wconf 88' lang='lat' dir='ltr'><strong>patet</strong></span> <span class='ocrx_word' id='word_1_260' title='bbox 2393 496 2519 567; x_wconf 87' lang='lat' dir='ltr'><strong>quia</strong></span> <span class='ocrx_word' id='word_1_261' title='bbox 2554 511 2662 550; x_wconf 92' lang='lat' dir='ltr'><strong>non</strong></span> <span class='ocrx_word' id='word_1_262' title='bbox 2691 510 2790 568; x_wconf 89' lang='lat' dir='ltr'><strong>pro</strong></span> <span class='ocrx_word' id='word_1_263' title='bbox 2823 511 2889 552; x_wconf 87' lang='lat' dir='ltr'><strong>eo</strong></span> <span class='ocrx_word' id='word_1_264' title='bbox 2923 496 3068 568; x_wconf 88' lang='lat' dir='ltr'><strong>quod</strong></span> <span class='ocrx_word' id='word_1_265' title='bbox 3095 495 3316 562; x_wconf 86' lang='lat' dir='ltr'><strong>fecerat,</strong></span> <span class='ocrx_word' id='word_1_266' title='bbox 3345 496 3442 551; x_wconf 89' lang='lat' dir='ltr'><strong>sed</strong></span> <span class='ocrx_word' id='word_1_267' title='bbox 3480 496 3617 566; x_wconf 85' lang='lat' dir='ltr'><strong>quia</strong></span> <span class='ocrx_word' id='word_1_268' title='bbox 3638 511 3696 551; x_wconf 83' lang='lat' dir='ltr'><strong>se</strong></span> <span class='ocrx_word' id='word_1_269' title='bbox 3719 495 3806 552; x_wconf 78' lang='lat' dir='ltr'><strong>fa-</strong></span> 
     </span>
    </p>
   </div>
   <div class='ocr_carea' id='block_1_35' title="bbox 2220 579 3809 660">
    <p class='ocr_par' dir='ltr' id='par_1_35' title="bbox 2220 579 3809 660">
     <span class='ocr_line' id='line_1_35' title="bbox 2220 579 3809 660; baseline -0.001 -17"><span class='ocrx_word' id='word_1_270' title='bbox 2220 602 2344 643; x_wconf 90' lang='lat' dir='ltr'><strong>cere</strong></span> <span class='ocrx_word' id='word_1_271' title='bbox 2385 601 2546 658; x_wconf 86' lang='lat' dir='ltr'><strong>posse</strong></span> <span class='ocrx_word' id='word_1_272' title='bbox 2598 586 2924 652; x_wconf 78' lang='lat' dir='ltr'><strong>crediderat,</strong></span> <span class='ocrx_word' id='word_1_273' title='bbox 2968 579 3381 644; x_wconf 80' lang='lat' dir='ltr'><strong>condemnatur.</strong></span> <span class='ocrx_word' id='word_1_274' title='bbox 3411 585 3602 660; x_wconf 64' lang='lat' dir='ltr'><strong>Patet</strong></span> <span class='ocrx_word' id='word_1_275' title='bbox 3647 587 3809 658; x_wconf 74' lang='lat' dir='ltr'><strong>igitur</strong></span> 
     </span>
    </p>
   </div>
   <div class='ocr_carea' id='block_1_36' title="bbox 2219 675 3807 747">
    <p class='ocr_par' dir='ltr' id='par_1_36' title="bbox 2219 675 3807 747">
     <span class='ocr_line' id='line_1_36' title="bbox 2219 675 3807 747; baseline 0 -15"><span class='ocrx_word' id='word_1_276' title='bbox 2219 691 2284 732; x_wconf 81' lang='lat' dir='ltr'><strong>cx</strong></span> <span class='ocrx_word' id='word_1_277' title='bbox 2306 675 2562 747; x_wconf 65' lang='lat' dir='ltr'><strong>praedicta</strong></span> <span class='ocrx_word' id='word_1_278' title='bbox 2597 677 2920 732; x_wconf 88' lang='lat' dir='ltr'><strong>auctoritate</strong></span> <span class='ocrx_word' id='word_1_279' title='bbox 2943 692 3044 732; x_wconf 91' lang='lat' dir='ltr'><strong>nec</strong></span> <span class='ocrx_word' id='word_1_280' title='bbox 3069 676 3298 732; x_wconf 85' lang='lat' dir='ltr'><strong>clericos</strong></span> <span class='ocrx_word' id='word_1_281' title='bbox 3334 679 3406 732; x_wconf 90' lang='lat' dir='ltr'><strong>ab</strong></span> <span class='ocrx_word' id='word_1_282' title='bbox 3429 677 3514 732; x_wconf 88' lang='lat' dir='ltr'><strong>eis</strong></span> <span class='ocrx_word' id='word_1_283' title='bbox 3537 677 3807 744; x_wconf 82' lang='lat' dir='ltr'><strong>ordinari,</strong></span> 
     </span>
    </p>
   </div>
   <div class='ocr_carea' id='block_1_37' title="bbox 2222 765 3807 844">
    <p class='ocr_par' dir='ltr' id='par_1_37' title="bbox 2222 765 3807 844">
     <span class='ocr_line' id='line_1_37' title="bbox 2222 765 3807 844; baseline 0.001 -23"><span class='ocrx_word' id='word_1_284' title='bbox 2222 782 2322 822; x_wconf 91' lang='lat' dir='ltr'><strong>nec</strong></span> <span class='ocrx_word' id='word_1_285' title='bbox 2344 765 2691 844; x_wconf 87' lang='lat' dir='ltr'><strong>Dominicum</strong></span> <span class='ocrx_word' id='word_1_286' title='bbox 2718 781 2919 837; x_wconf 89' lang='lat' dir='ltr'><strong>corpus</strong></span> <span class='ocrx_word' id='word_1_287' title='bbox 2945 781 3106 838; x_wconf 90' lang='lat' dir='ltr'><strong>posse</strong></span> <span class='ocrx_word' id='word_1_288' title='bbox 3143 767 3359 834; x_wconf 83' lang='lat' dir='ltr'><strong>conﬁci,</strong></span> <span class='ocrx_word' id='word_1_289' title='bbox 3395 767 3494 823; x_wconf 87' lang='lat' dir='ltr'><strong>sed</strong></span> <span class='ocrx_word' id='word_1_290' title='bbox 3545 767 3697 838; x_wconf 85' lang='lat' dir='ltr'><strong>ipsos</strong></span> <span class='ocrx_word' id='word_1_291' title='bbox 3734 783 3807 822; x_wconf 74' lang='lat' dir='ltr'><strong>ex</strong></span> 
     </span>
    </p>
   </div>
   <div class='ocr_carea' id='block_1_38' title="bbox 2222 857 3813 932">
    <p class='ocr_par' dir='ltr' id='par_1_38' title="bbox 2222 857 3813 932">
     <span class='ocr_line' id='line_1_38' title="bbox 2222 857 3813 932; baseline -0.001 -18"><span class='ocrx_word' id='word_1_292' title='bbox 2222 875 2353 915; x_wconf 89' lang='lat' dir='ltr'><strong>voce</strong></span> <span class='ocrx_word' id='word_1_293' title='bbox 2379 859 2525 916; x_wconf 85' lang='lat' dir='ltr'><strong>Petri</strong></span> <span class='ocrx_word' id='word_1_294' title='bbox 2553 875 2674 917; x_wconf 90' lang='lat' dir='ltr'><strong>esse</strong></span> <span class='ocrx_word' id='word_1_295' title='bbox 2703 861 2942 932; x_wconf 89' lang='lat' dir='ltr'><strong>perditos</strong></span> <span class='ocrx_word' id='word_1_296' title='bbox 2966 859 3214 916; x_wconf 89' lang='lat' dir='ltr'><strong>clericos.</strong></span> <span class='ocrx_word' id='word_1_297' title='bbox 3243 857 3310 915; x_wconf 85' lang='lat' dir='ltr'><strong>Et</strong></span> <span class='ocrx_word' id='word_1_298' title='bbox 3332 859 3377 916; x_wconf 88' lang='lat' dir='ltr'><strong>si</strong></span> <span class='ocrx_word' id='word_1_299' title='bbox 3409 861 3674 930; x_wconf 73' lang='lat' dir='ltr'><strong>przedicta</strong></span> <span class='ocrx_word' id='word_1_300' title='bbox 3702 861 3813 914; x_wconf 81' lang='lat' dir='ltr'><strong>duo</strong></span> 
     </span>
    </p>
   </div>
   <div class='ocr_carea' id='block_1_39' title="bbox 2223 947 3814 1014">
    <p class='ocr_par' dir='ltr' id='par_1_39' title="bbox 2223 947 3814 1014">
     <span class='ocr_line' id='line_1_39' title="bbox 2223 947 3814 1014; baseline 0 -11"><span class='ocrx_word' id='word_1_301' title='bbox 2223 955 2564 1004; x_wconf 86' lang='lat' dir='ltr'><strong>sacramenta</strong></span> <span class='ocrx_word' id='word_1_302' title='bbox 2595 963 2704 1004; x_wconf 87' lang='lat' dir='ltr'><strong>non</strong></span> <span class='ocrx_word' id='word_1_303' title='bbox 2743 949 3058 1014; x_wconf 84' lang='lat' dir='ltr'><strong>conﬁciunt,</strong></span> <span class='ocrx_word' id='word_1_304' title='bbox 3095 957 3242 1004; x_wconf 89' lang='lat' dir='ltr'><strong>certe</strong></span> <span class='ocrx_word' id='word_1_305' title='bbox 3284 949 3468 1014; x_wconf 90' lang='lat' dir='ltr'><strong>nulla,</strong></span> <span class='ocrx_word' id='word_1_306' title='bbox 3522 949 3633 1004; x_wconf 86' lang='lat' dir='ltr'><strong>nisi</strong></span> <span class='ocrx_word' id='word_1_307' title='bbox 3674 947 3814 1003; x_wconf 74' lang='lat' dir='ltr'><strong>forte</strong></span> 
     </span>
    </p>
   </div>
   <div class='ocr_carea' id='block_1_40' title="bbox 2223 1039 3812 1112">
    <p class='ocr_par' dir='ltr' id='par_1_40' title="bbox 2223 1039 3812 1112">
     <span class='ocr_line' id='line_1_40' title="bbox 2223 1039 3812 1112; baseline -0.003 -14"><span class='ocrx_word' id='word_1_308' title='bbox 2223 1043 2402 1098; x_wconf 89' lang='lat' dir='ltr'><strong>solum</strong></span> <span class='ocrx_word' id='word_1_309' title='bbox 2427 1041 2716 1112; x_wconf 88' lang='lat' dir='ltr'><strong>baptisma,</strong></span> <span class='ocrx_word' id='word_1_310' title='bbox 2745 1041 3012 1097; x_wconf 85' lang='lat' dir='ltr'><strong>conﬁcere</strong></span> <span class='ocrx_word' id='word_1_311' title='bbox 3036 1049 3288 1112; x_wconf 90' lang='lat' dir='ltr'><strong>possunt.</strong></span> <span class='ocrx_word' id='word_1_312' title='bbox 3319 1039 3386 1095; x_wconf 81' lang='lat' dir='ltr'><strong>Et</strong></span> <span class='ocrx_word' id='word_1_313' title='bbox 3422 1049 3485 1095; x_wconf 92' lang='lat' dir='ltr'><strong>ut</strong></span> <span class='ocrx_word' id='word_1_314' title='bbox 3511 1041 3660 1096; x_wconf 83' lang='lat' dir='ltr'><strong>scias</strong></span> <span class='ocrx_word' id='word_1_315' title='bbox 3685 1041 3812 1111; x_wconf 86' lang='lat' dir='ltr'><strong>quia</strong></span> 
     </span>
    </p>
   </div>
   <div class='ocr_carea' id='block_1_41' title="bbox 2223 1130 3816 1202">
    <p class='ocr_par' dir='ltr' id='par_1_41' title="bbox 2223 1130 3816 1202">
     <span class='ocr_line' id='line_1_41' title="bbox 2223 1130 3816 1202; baseline -0.002 -17"><span class='ocrx_word' id='word_1_316' title='bbox 2223 1131 2373 1186; x_wconf 90' lang='lat' dir='ltr'><strong>nullo</strong></span> <span class='ocrx_word' id='word_1_317' title='bbox 2409 1131 2572 1187; x_wconf 90' lang='lat' dir='ltr'><strong>modo</strong></span> <span class='ocrx_word' id='word_1_318' title='bbox 2603 1131 2972 1188; x_wconf 86' lang='lat' dir='ltr'><strong>ecclesiastica</strong></span> <span class='ocrx_word' id='word_1_319' title='bbox 3021 1141 3366 1187; x_wconf 86' lang='lat' dir='ltr'><strong>sacramenta</strong></span> <span class='ocrx_word' id='word_1_320' title='bbox 3414 1130 3536 1186; x_wconf 85' lang='lat' dir='ltr'><strong>ﬁeri</strong></span> <span class='ocrx_word' id='word_1_321' title='bbox 3585 1142 3816 1202; x_wconf 78' lang='lat' dir='ltr'><strong>possunt</strong></span> 
     </span>
    </p>
   </div>
   <div class='ocr_carea' id='block_1_42' title="bbox 2224 1219 3812 1292">
    <p class='ocr_par' dir='ltr' id='par_1_42' title="bbox 2224 1219 3812 1292">
     <span class='ocr_line' id='line_1_42' title="bbox 2224 1219 3812 1292; baseline -0.001 -16"><span class='ocrx_word' id='word_1_322' title='bbox 2224 1235 2256 1276; x_wconf 88' lang='lat' dir='ltr'><strong>a</strong></span> <span class='ocrx_word' id='word_1_323' title='bbox 2286 1219 2618 1287; x_wconf 86' lang='lat' dir='ltr'><strong>Simoniaco,</strong></span> <span class='ocrx_word' id='word_1_324' title='bbox 2645 1219 2772 1276; x_wconf 89' lang='lat' dir='ltr'><strong>audi</strong></span> <span class='ocrx_word' id='word_1_325' title='bbox 2812 1236 2878 1276; x_wconf 77' lang='lat' dir='ltr'><strong>ex</strong></span> <span class='ocrx_word' id='word_1_326' title='bbox 2923 1221 3223 1292; x_wconf 86' lang='lat' dir='ltr'><strong>apostolico</strong></span> <span class='ocrx_word' id='word_1_327' title='bbox 3267 1221 3491 1276; x_wconf 86' lang='lat' dir='ltr'><strong>decreto</strong></span> <span class='ocrx_word' id='word_1_328' title='bbox 3530 1221 3812 1274; x_wconf 80' lang='lat' dir='ltr'><strong>annuilata</strong></span> 
     </span>
    </p>
   </div>
   <div class='ocr_carea' id='block_1_43' title="bbox 2225 1309 3598 1385">
    <p class='ocr_par' dir='ltr' id='par_1_43' title="bbox 2225 1309 3598 1385">
     <span class='ocr_line' id='line_1_43' title="bbox 2225 1309 3598 1385; baseline -0.001 -17"><span class='ocrx_word' id='word_1_329' title='bbox 2225 1327 2346 1368; x_wconf 90' lang='lat' dir='ltr'><strong>esse</strong></span> <span class='ocrx_word' id='word_1_330' title='bbox 2379 1311 2562 1368; x_wconf 90' lang='lat' dir='ltr'><strong>omnia</strong></span> <span class='ocrx_word' id='word_1_331' title='bbox 2583 1328 2707 1384; x_wconf 70' lang='lat' dir='ltr'><strong>quae</strong></span> <span class='ocrx_word' id='word_1_332' title='bbox 2730 1309 2872 1370; x_wconf 86' lang='lat' dir='ltr'><strong>facta</strong></span> <span class='ocrx_word' id='word_1_333' title='bbox 2894 1313 3216 1368; x_wconf 85' lang='lat' dir='ltr'><strong>videbantur</strong></span> <span class='ocrx_word' id='word_1_334' title='bbox 3239 1329 3270 1368; x_wconf 90' lang='lat' dir='ltr'><strong>a</strong></span> <span class='ocrx_word' id='word_1_335' title='bbox 3295 1313 3598 1385; x_wconf 76' lang='lat' dir='ltr'><strong>neophym.</strong></span> 
     </span>
    </p>
   </div>
   <div class='ocr_carea' id='block_1_44' title="bbox 2296 1418 3807 1490">
    <p class='ocr_par' dir='ltr' id='par_1_44' title="bbox 2296 1418 3807 1490">
     <span class='ocr_line' id='line_1_44' title="bbox 2296 1418 3807 1490; baseline 0 -18"><span class='ocrx_word' id='word_1_336' title='bbox 2296 1418 2562 1476; x_wconf 90' lang='lat' dir='ltr'><strong>Defuncto</strong></span> <span class='ocrx_word' id='word_1_337' title='bbox 2583 1419 2842 1476; x_wconf 73' lang='lat' dir='ltr'><strong>Romana:</strong></span> <span class='ocrx_word' id='word_1_338' title='bbox 2875 1419 3020 1476; x_wconf 89' lang='lat' dir='ltr'><strong>sedis</strong></span> <span class='ocrx_word' id='word_1_339' title='bbox 3047 1419 3278 1490; x_wconf 67' lang='lat' dir='ltr'><strong>praasule</strong></span> <span class='ocrx_word' id='word_1_340' title='bbox 3298 1419 3466 1474; x_wconf 75' lang='lat' dir='ltr'><strong>XCIV</strong></span> <span class='ocrx_word' id='word_1_341' title='bbox 3491 1419 3670 1474; x_wconf 89' lang='lat' dir='ltr'><strong>Paulo</strong></span> <span class='ocrx_word' id='word_1_342' title='bbox 3701 1420 3807 1473; x_wconf 83' lang='lat' dir='ltr'><strong>hu-</strong></span> 
     </span>
    </p>
   </div>
   <div class='ocr_carea' id='block_1_45' title="bbox 2222 1507 3814 1581">
    <p class='ocr_par' dir='ltr' id='par_1_45' title="bbox 2222 1507 3814 1581">
     <span class='ocr_line' id='line_1_45' title="bbox 2222 1507 3814 1581; baseline -0.002 -17"><span class='ocrx_word' id='word_1_343' title='bbox 2222 1509 2314 1580; x_wconf 86' lang='lat' dir='ltr'><strong>jus</strong></span> <span class='ocrx_word' id='word_1_344' title='bbox 2336 1510 2574 1566; x_wconf 87' lang='lat' dir='ltr'><strong>nominis</strong></span> <span class='ocrx_word' id='word_1_345' title='bbox 2607 1509 2807 1581; x_wconf 89' lang='lat' dir='ltr'><strong>primo,</strong></span> <span class='ocrx_word' id='word_1_346' title='bbox 2839 1509 2886 1581; x_wconf 86' lang='lat' dir='ltr'><strong>(l</strong></span> <span class='ocrx_word' id='word_1_347' title='bbox 2899 1508 3025 1580; x_wconf 73' lang='lat'><strong>062)</strong></span> <span class='ocrx_word' id='word_1_348' title='bbox 3059 1507 3466 1564; x_wconf 88' lang='lat' dir='ltr'><strong>Constantinus</strong></span> <span class='ocrx_word' id='word_1_349' title='bbox 3512 1509 3740 1581; x_wconf 82' lang='lat' dir='ltr'><strong>quidam</strong></span> <span class='ocrx_word' id='word_1_350' title='bbox 3783 1526 3814 1562; x_wconf 81' lang='lat' dir='ltr'><strong>a</strong></span> 
     </span>
    </p>
   </div>
   <div class='ocr_carea' id='block_1_46' title="bbox 2159 1569 3819 1670">
    <p class='ocr_par' dir='ltr' id='par_1_46' title="bbox 2159 1569 3819 1670">
     <span class='ocr_line' id='line_1_46' title="bbox 2159 1569 3819 1670; baseline -0.001 -16"><span class='ocrx_word' id='word_1_351' title='bbox 2159 1569 2202 1625; x_wconf 74' lang='grc' dir='ltr'>Β</span> <span class='ocrx_word' id='word_1_352' title='bbox 2227 1599 2368 1654; x_wconf 88' lang='lat' dir='ltr'><strong>laico</strong></span> <span class='ocrx_word' id='word_1_353' title='bbox 2403 1598 2459 1654; x_wconf 90' lang='lat' dir='ltr'><strong>in</strong></span> <span class='ocrx_word' id='word_1_354' title='bbox 2495 1613 2689 1670; x_wconf 84' lang='lat' dir='ltr'><strong>papam</strong></span> <span class='ocrx_word' id='word_1_355' title='bbox 2718 1606 3070 1654; x_wconf 87' lang='lat' dir='ltr'><strong>consecratus</strong></span> <span class='ocrx_word' id='word_1_356' title='bbox 3115 1599 3300 1655; x_wconf 87' lang='lat' dir='ltr'><strong>sedem</strong></span> <span class='ocrx_word' id='word_1_357' title='bbox 3330 1599 3696 1670; x_wconf 83' lang='lat' dir='ltr'><strong>apostolicam</strong></span> <span class='ocrx_word' id='word_1_358' title='bbox 3721 1616 3819 1670; x_wconf 78' lang='lat' dir='ltr'><strong>per</strong></span> 
     </span>
    </p>
   </div>
   <div class='ocr_carea' id='block_1_47' title="bbox 2227 1689 3815 1764">
    <p class='ocr_par' dir='ltr' id='par_1_47' title="bbox 2227 1689 3815 1764">
     <span class='ocr_line' id='line_1_47' title="bbox 2227 1689 3815 1764; baseline -0.001 -16"><span class='ocrx_word' id='word_1_359' title='bbox 2227 1707 2434 1748; x_wconf 77' lang='lat' dir='ltr'><strong>annum</strong></span> <span class='ocrx_word' id='word_1_360' title='bbox 2487 1700 2542 1747; x_wconf 90' lang='lat' dir='ltr'><strong>et</strong></span> <span class='ocrx_word' id='word_1_361' title='bbox 2602 1706 2845 1747; x_wconf 89' lang='lat' dir='ltr'><strong>mensem</strong></span> <span class='ocrx_word' id='word_1_362' title='bbox 2904 1691 3156 1747; x_wconf 88' lang='lat' dir='ltr'><strong>obtinuit.</strong></span> <span class='ocrx_word' id='word_1_363' title='bbox 3215 1689 3523 1764; x_wconf 86' lang='lat' dir='ltr'><strong>Episcopos</strong></span> <span class='ocrx_word' id='word_1_364' title='bbox 3588 1693 3815 1758; x_wconf 81' lang='lat' dir='ltr'><strong>scilicet,</strong></span> 
     </span>
    </p>
   </div>
   <div class='ocr_carea' id='block_1_48' title="bbox 2227 1780 3820 1856">
    <p class='ocr_par' dir='ltr' id='par_1_48' title="bbox 2227 1780 3820 1856">
     <span class='ocr_line' id='line_1_48' title="bbox 2227 1780 3820 1856; baseline 0.001 -20"><span class='ocrx_word' id='word_1_365' title='bbox 2227 1781 2593 1856; x_wconf 82' lang='lat' dir='ltr'><strong>presbyteros,</strong></span> <span class='ocrx_word' id='word_1_366' title='bbox 2617 1789 2672 1838; x_wconf 93' lang='lat' dir='ltr'><strong>et</strong></span> <span class='ocrx_word' id='word_1_367' title='bbox 2699 1782 2836 1838; x_wconf 77' lang='lat' dir='ltr'><strong>alios</strong></span> <span class='ocrx_word' id='word_1_368' title='bbox 2859 1780 3059 1838; x_wconf 79' lang='lat' dir='ltr'><strong>diversi</strong></span> <span class='ocrx_word' id='word_1_369' title='bbox 3091 1782 3313 1854; x_wconf 80' lang='lat' dir='ltr'><strong>gradus,</strong></span> <span class='ocrx_word' id='word_1_370' title='bbox 3349 1783 3499 1838; x_wconf 82' lang='lat' dir='ltr'><strong>infra</strong></span> <span class='ocrx_word' id='word_1_371' title='bbox 3532 1783 3643 1838; x_wconf 85' lang='lat' dir='ltr'><strong>hoc</strong></span> <span class='ocrx_word' id='word_1_372' title='bbox 3681 1791 3820 1837; x_wconf 82' lang='lat' dir='ltr'><strong>tem-</strong></span> 
     </span>
    </p>
   </div>
   <div class='ocr_carea' id='block_1_49' title="bbox 2141 1871 3820 1944">
    <p class='ocr_par' dir='ltr' id='par_1_49' title="bbox 2141 1871 3820 1944">
     <span class='ocr_line' id='line_1_49' title="bbox 2141 1871 3820 1944; baseline 0 -18"><span class='ocrx_word' id='word_1_373' title='bbox 2141 1877 2154 1886; x_wconf 87' lang='lat'><strong><em>‘</em></strong></span> <span class='ocrx_word' id='word_1_374' title='bbox 2227 1872 2377 1944; x_wconf 90' lang='lat' dir='ltr'><strong>poris</strong></span> <span class='ocrx_word' id='word_1_375' title='bbox 2400 1871 2634 1942; x_wconf 88' lang='lat' dir='ltr'><strong>spatium</strong></span> <span class='ocrx_word' id='word_1_376' title='bbox 2659 1871 2970 1940; x_wconf 87' lang='lat' dir='ltr'><strong>ordinavit;</strong></span> <span class='ocrx_word' id='word_1_377' title='bbox 2993 1871 3176 1926; x_wconf 88' lang='lat' dir='ltr'><strong>omnia</strong></span> <span class='ocrx_word' id='word_1_378' title='bbox 3203 1889 3326 1943; x_wconf 69' lang='lat' dir='ltr'><strong>qua:</strong></span> <span class='ocrx_word' id='word_1_379' title='bbox 3347 1871 3646 1943; x_wconf 86' lang='lat' dir='ltr'><strong>apostolici</strong></span> <span class='ocrx_word' id='word_1_380' title='bbox 3665 1881 3820 1926; x_wconf 82' lang='lat' dir='ltr'><strong>erant</strong></span> 
     </span>
    </p>
   </div>
   <div class='ocr_carea' id='block_1_50' title="bbox 2225 1958 3819 2031">
    <p class='ocr_par' dir='ltr' id='par_1_50' title="bbox 2225 1958 3819 2031">
     <span class='ocr_line' id='line_1_50' title="bbox 2225 1958 3819 2031; baseline 0.001 -16"><span class='ocrx_word' id='word_1_381' title='bbox 2225 1960 2373 2016; x_wconf 85' lang='lat' dir='ltr'><strong>fecit.</strong></span> <span class='ocrx_word' id='word_1_382' title='bbox 2414 1958 2562 2016; x_wconf 86' lang='lat' dir='ltr'><strong>Inter</strong></span> <span class='ocrx_word' id='word_1_383' title='bbox 2580 1960 2698 2016; x_wconf 52' lang='lat' dir='ltr'><strong>base</strong></span> <span class='ocrx_word' id='word_1_384' title='bbox 2742 1960 2968 2031; x_wconf 89' lang='lat' dir='ltr'><strong>quidam</strong></span> <span class='ocrx_word' id='word_1_385' title='bbox 3006 1959 3405 2028; x_wconf 81' lang='lat' dir='ltr'><strong>Romanorum,</strong></span> <span class='ocrx_word' id='word_1_386' title='bbox 3453 1961 3819 2016; x_wconf 71' lang='lat' dir='ltr'><strong>abhorrentes</strong></span> 
     </span>
    </p>
   </div>
   <div class='ocr_carea' id='block_1_51' title="bbox 2227 2049 3818 2124">
    <p class='ocr_par' dir='ltr' id='par_1_51' title="bbox 2227 2049 3818 2124">
     <span class='ocr_line' id='line_1_51' title="bbox 2227 2049 3818 2124; baseline -0.003 -16"><span class='ocrx_word' id='word_1_387' title='bbox 2227 2059 2396 2124; x_wconf 81' lang='lat' dir='ltr'><strong>caput</strong></span> <span class='ocrx_word' id='word_1_388' title='bbox 2423 2049 2680 2108; x_wconf 67' lang='lat' dir='ltr'><strong>Ecclesiae</strong></span> <span class='ocrx_word' id='word_1_389' title='bbox 2711 2049 3013 2105; x_wconf 85' lang='lat' dir='ltr'><strong>Romanam</strong></span> <span class='ocrx_word' id='word_1_390' title='bbox 3055 2050 3235 2107; x_wconf 88' lang='lat' dir='ltr'><strong>sedem</strong></span> <span class='ocrx_word' id='word_1_391' title='bbox 3265 2065 3296 2104; x_wconf 89' lang='lat' dir='ltr'><strong>a</strong></span> <span class='ocrx_word' id='word_1_392' title='bbox 3341 2050 3630 2123; x_wconf 67' lang='lat' dir='ltr'><strong>neophyto</strong></span> <span class='ocrx_word' id='word_1_393' title='bbox 3671 2051 3818 2104; x_wconf 83' lang='lat' dir='ltr'><strong>inva-</strong></span> 
     </span>
    </p>
   </div>
   <div class='ocr_carea' id='block_1_52' title="bbox 2226 2140 3819 2216">
    <p class='ocr_par' dir='ltr' id='par_1_52' title="bbox 2226 2140 3819 2216">
     <span class='ocr_line' id='line_1_52' title="bbox 2226 2140 3819 2216; baseline -0.004 -15"><span class='ocrx_word' id='word_1_394' title='bbox 2226 2159 2367 2211; x_wconf 82' lang='lat' dir='ltr'><strong>sam,</strong></span> <span class='ocrx_word' id='word_1_395' title='bbox 2430 2141 2767 2216; x_wconf 86' lang='lat' dir='ltr'><strong>Stephanum</strong></span> <span class='ocrx_word' id='word_1_396' title='bbox 2822 2143 3042 2198; x_wconf 87' lang='lat' dir='ltr'><strong>natione</strong></span> <span class='ocrx_word' id='word_1_397' title='bbox 3106 2140 3374 2210; x_wconf 88' lang='lat' dir='ltr'><strong>Siculum,</strong></span> <span class='ocrx_word' id='word_1_398' title='bbox 3424 2141 3819 2199; x_wconf 79' lang='lat' dir='ltr'><strong>ecclesiasticis</strong></span> 
     </span>
    </p>
   </div>
   <div class='ocr_carea' id='block_1_53' title="bbox 2228 2233 3816 2304">
    <p class='ocr_par' dir='ltr' id='par_1_53' title="bbox 2228 2233 3816 2304">
     <span class='ocr_line' id='line_1_53' title="bbox 2228 2233 3816 2304; baseline -0.003 -14"><span class='ocrx_word' id='word_1_399' title='bbox 2228 2235 2616 2291; x_wconf 86' lang='lat' dir='ltr'><strong>traditionibus</strong></span> <span class='ocrx_word' id='word_1_400' title='bbox 2659 2234 2956 2301; x_wconf 89' lang='lat' dir='ltr'><strong>eruditum,</strong></span> <span class='ocrx_word' id='word_1_401' title='bbox 3008 2233 3293 2304; x_wconf 89' lang='lat' dir='ltr'><strong>impetrato</strong></span> <span class='ocrx_word' id='word_1_402' title='bbox 3335 2233 3470 2289; x_wconf 86' lang='lat' dir='ltr'><strong>cieri</strong></span> <span class='ocrx_word' id='word_1_403' title='bbox 3512 2249 3581 2290; x_wconf 89' lang='lat' dir='ltr'><strong>ac</strong></span> <span class='ocrx_word' id='word_1_404' title='bbox 3639 2233 3816 2304; x_wconf 79' lang='lat' dir='ltr'><strong>pepuli</strong></span> 
     </span>
    </p>
   </div>
   <div class='ocr_carea' id='block_1_54' title="bbox 2227 2311 3818 2395">
    <p class='ocr_par' dir='ltr' id='par_1_54' title="bbox 2227 2311 3818 2395">
     <span class='ocr_line' id='line_1_54' title="bbox 2227 2311 3818 2395; baseline -0.003 -13"><span class='ocrx_word' id='word_1_405' title='bbox 2227 2341 2522 2393; x_wconf 82' lang='lat' dir='ltr'><strong>consensu,</strong></span> <span class='ocrx_word' id='word_1_406' title='bbox 2553 2324 2916 2381; x_wconf 87' lang='lat' dir='ltr'><strong>Constantino</strong></span> <span class='ocrx_word' id='word_1_407' title='bbox 2965 2324 3234 2395; x_wconf 88' lang='lat' dir='ltr'><strong>deposito,</strong></span> <span class='ocrx_word' id='word_1_408' title='bbox 3283 2311 3634 2394; x_wconf 80' lang='lat' dir='ltr'><strong>Stephanum</strong></span> <span class='ocrx_word' id='word_1_409' title='bbox 3681 2324 3818 2378; x_wconf 83' lang='lat' dir='ltr'><strong>illius</strong></span> 
     </span>
    </p>
   </div>
   <div class='ocr_carea' id='block_1_55' title="bbox 2227 2405 3816 2488">
    <p class='ocr_par' dir='ltr' id='par_1_55' title="bbox 2227 2405 3816 2488">
     <span class='ocr_line' id='line_1_55' title="bbox 2227 2405 3816 2488; baseline -0.003 -18"><span class='ocrx_word' id='word_1_410' title='bbox 2227 2415 2468 2472; x_wconf 87' lang='lat' dir='ltr'><strong>nominis</strong></span> <span class='ocrx_word' id='word_1_411' title='bbox 2502 2405 2569 2470; x_wconf 76' lang='lat' dir='ltr'><strong>[ll</strong></span> <span class='ocrx_word' id='word_1_412' title='bbox 2608 2411 2862 2488; x_wconf 68' lang='lat' dir='ltr'><strong>[Banou.,</strong></span> <span class='ocrx_word' id='word_1_413' title='bbox 2887 2412 3074 2485; x_wconf 89' lang='lat' dir='ltr'><strong>Steph.</strong></span> <span class='ocrx_word' id='word_1_414' title='bbox 3105 2411 3206 2487; x_wconf 83' lang='lat' dir='ltr'><strong>IV]</strong></span> <span class='ocrx_word' id='word_1_415' title='bbox 3247 2429 3450 2484; x_wconf 89' lang='lat' dir='ltr'><strong>papam</strong></span> <span class='ocrx_word' id='word_1_416' title='bbox 3489 2411 3660 2482; x_wconf 76' lang='lat' dir='ltr'><strong>XCV,</strong></span> <span class='ocrx_word' id='word_1_417' title='bbox 3687 2427 3816 2484; x_wconf 81' lang='lat' dir='ltr'><strong>apo-</strong></span> 
     </span>
    </p>
   </div>
   <div class='ocr_carea' id='block_1_56' title="bbox 2228 2495 3872 2578">
    <p class='ocr_par' dir='ltr' id='par_1_56' title="bbox 2228 2495 3872 2578">
     <span class='ocr_line' id='line_1_56' title="bbox 2228 2495 3872 2578; baseline -0.004 -14"><span class='ocrx_word' id='word_1_418' title='bbox 2228 2507 2406 2564; x_wconf 86' lang='lat' dir='ltr'><strong>stolici</strong></span> <span class='ocrx_word' id='word_1_419' title='bbox 2427 2506 2598 2578; x_wconf 87' lang='lat' dir='ltr'><strong>apicis</strong></span> <span class='ocrx_word' id='word_1_420' title='bbox 2625 2505 3034 2562; x_wconf 88' lang='lat' dir='ltr'><strong>consecratione</strong></span> <span class='ocrx_word' id='word_1_421' title='bbox 3067 2504 3529 2560; x_wconf 85' lang='lat' dir='ltr'><strong>sublimavcrunt.</strong></span> <span class='ocrx_word' id='word_1_422' title='bbox 3865 2495 3872 2500; x_wconf 70' lang='grc'><strong>’</strong></span> 
     </span>
    </p>
   </div>
   <div class='ocr_carea' id='block_1_57' title="bbox 2301 2618 3815 2693">
    <p class='ocr_par' dir='ltr' id='par_1_57' title="bbox 2301 2618 3815 2693">
     <span class='ocr_line' id='line_1_57' title="bbox 2301 2618 3815 2693; baseline -0.003 -14"><span class='ocrx_word' id='word_1_423' title='bbox 2301 2622 2400 2680; x_wconf 83' lang='lat' dir='ltr'><strong>ilic</strong></span> <span class='ocrx_word' id='word_1_424' title='bbox 2419 2639 2546 2680; x_wconf 77' lang='lat' dir='ltr'><strong>mox</strong></span> <span class='ocrx_word' id='word_1_425' title='bbox 2575 2623 2798 2679; x_wconf 89' lang='lat' dir='ltr'><strong>directis</strong></span> <span class='ocrx_word' id='word_1_426' title='bbox 2820 2620 3016 2693; x_wconf 77' lang='lat' dir='ltr'><strong>legatis</strong></span> <span class='ocrx_word' id='word_1_427' title='bbox 3041 2620 3108 2676; x_wconf 85' lang='lat' dir='ltr'><strong>ad</strong></span> <span class='ocrx_word' id='word_1_428' title='bbox 3149 2635 3305 2692; x_wconf 79' lang='lat' dir='ltr'><strong>reges</strong></span> <span class='ocrx_word' id='word_1_429' title='bbox 3345 2619 3608 2676; x_wconf 71' lang='lat' dir='ltr'><strong>Francia:</strong></span> <span class='ocrx_word' id='word_1_430' title='bbox 3654 2618 3815 2675; x_wconf 82' lang='lat' dir='ltr'><strong>Caro-</strong></span> 
     </span>
    </p>
   </div>
   <div class='ocr_carea' id='block_1_58' title="bbox 2230 2713 3814 2786">
    <p class='ocr_par' dir='ltr' id='par_1_58' title="bbox 2230 2713 3814 2786">
     <span class='ocr_line' id='line_1_58' title="bbox 2230 2713 3814 2786; baseline -0.003 -14"><span class='ocrx_word' id='word_1_431' title='bbox 2230 2717 2344 2772; x_wconf 90' lang='lat' dir='ltr'><strong>lum</strong></span> <span class='ocrx_word' id='word_1_432' title='bbox 2384 2725 2440 2773; x_wconf 87' lang='lat' dir='ltr'><strong>et</strong></span> <span class='ocrx_word' id='word_1_433' title='bbox 2485 2715 2969 2782; x_wconf 90' lang='lat' dir='ltr'><strong>Carolomannum,</strong></span> <span class='ocrx_word' id='word_1_434' title='bbox 3001 2713 3095 2784; x_wconf 90' lang='lat' dir='ltr'><strong>qui</strong></span> <span class='ocrx_word' id='word_1_435' title='bbox 3139 2713 3400 2769; x_wconf 80' lang='lat' dir='ltr'><strong>defuncto</strong></span> <span class='ocrx_word' id='word_1_436' title='bbox 3452 2731 3639 2785; x_wconf 84' lang='lat' dir='ltr'><strong>nuper</strong></span> <span class='ocrx_word' id='word_1_437' title='bbox 3684 2713 3814 2786; x_wconf 82' lang='lat' dir='ltr'><strong>patri</strong></span> 
     </span>
    </p>
   </div>
   <div class='ocr_carea' id='block_1_59' title="bbox 2229 2805 3815 2879">
    <p class='ocr_par' dir='ltr' id='par_1_59' title="bbox 2229 2805 3815 2879">
     <span class='ocr_line' id='line_1_59' title="bbox 2229 2805 3815 2879; baseline -0.002 -16"><span class='ocrx_word' id='word_1_438' title='bbox 2229 2807 2422 2879; x_wconf 86' lang='lat' dir='ltr'><strong>Pipino</strong></span> <span class='ocrx_word' id='word_1_439' title='bbox 2457 2813 2856 2873; x_wconf 87' lang='lat' dir='ltr'><strong>successerant,</strong></span> <span class='ocrx_word' id='word_1_440' title='bbox 2904 2819 3098 2860; x_wconf 86' lang='lat' dir='ltr'><strong>eorum</strong></span> <span class='ocrx_word' id='word_1_441' title='bbox 3131 2820 3361 2861; x_wconf 86' lang='lat' dir='ltr'><strong>assensu</strong></span> <span class='ocrx_word' id='word_1_442' title='bbox 3406 2821 3487 2860; x_wconf 70' lang='lat' dir='ltr'><strong>Ill</strong></span> <span class='ocrx_word' id='word_1_443' title='bbox 3535 2805 3815 2877; x_wconf 79' lang='lat' dir='ltr'><strong>episcopos</strong></span> 
     </span>
    </p>
   </div>
   <div class='ocr_carea' id='block_1_60' title="bbox 552 2889 3814 2983">
    <p class='ocr_par' dir='ltr' id='par_1_60' title="bbox 552 2889 3814 2983">
     <span class='ocr_line' id='line_1_60' title="bbox 552 2889 3814 2983; baseline 0.001 -37"><span class='ocrx_word' id='word_1_444' title='bbox 552 2891 704 2948; x_wconf 88' lang='lat' dir='ltr'><strong>ribus</strong></span> <span class='ocrx_word' id='word_1_445' title='bbox 732 2893 789 2946; x_wconf 91' lang='lat' dir='ltr'><strong>in</strong></span> <span class='ocrx_word' id='word_1_446' title='bbox 821 2892 970 2948; x_wconf 92' lang='lat' dir='ltr'><strong>nullo</strong></span> <span class='ocrx_word' id='word_1_447' title='bbox 1010 2895 1278 2964; x_wconf 84' lang='lat' dir='ltr'><strong>proficiat,</strong></span> <span class='ocrx_word' id='word_1_448' title='bbox 1308 2895 1454 2952; x_wconf 89' lang='lat' dir='ltr'><strong>sicut</strong></span> <span class='ocrx_word' id='word_1_449' title='bbox 1488 2889 1588 2952; x_wconf 82' lang='lat' dir='ltr'><strong>nec</strong></span> <span class='ocrx_word' id='word_1_450' title='bbox 1629 2896 1810 2951; x_wconf 90' lang='lat' dir='ltr'><strong>anima</strong></span> <span class='ocrx_word' id='word_1_451' title='bbox 1845 2896 1964 2953; x_wconf 90' lang='lat' dir='ltr'><strong>sine</strong></span> <span class='ocrx_word' id='word_1_452' title='bbox 2001 2911 2127 2954; x_wconf 86' lang='lat' dir='ltr'><strong>cor-</strong></span> <span class='ocrx_word' id='word_1_453' title='bbox 2159 2925 2201 2983; x_wconf 70' lang='grc' dir='ltr'>ο</span> <span class='ocrx_word' id='word_1_454' title='bbox 2231 2898 2614 2972; x_wconf 84' lang='lat' dir='ltr'><strong>probabilioris</strong></span> <span class='ocrx_word' id='word_1_455' title='bbox 2658 2897 2782 2953; x_wconf 62' lang='lat' dir='ltr'><strong>vitae</strong></span> <span class='ocrx_word' id='word_1_456' title='bbox 2804 2907 2859 2953; x_wconf 91' lang='lat' dir='ltr'><strong>et</strong></span> <span class='ocrx_word' id='word_1_457' title='bbox 2885 2895 3125 2953; x_wconf 63' lang='lat' dir='ltr'><strong>scientiae</strong></span> <span class='ocrx_word' id='word_1_458' title='bbox 3149 2895 3470 2967; x_wconf 83' lang='lat' dir='ltr'><strong>insignioris</strong></span> <span class='ocrx_word' id='word_1_459' title='bbox 3492 2897 3566 2952; x_wconf 88' lang='lat' dir='ltr'><strong>de</strong></span> <span class='ocrx_word' id='word_1_460' title='bbox 3593 2895 3814 2950; x_wconf 82' lang='lat' dir='ltr'><strong>Francia</strong></span> 
     </span>
    </p>
   </div>
   <div class='ocr_carea' id='block_1_61' title="bbox 551 2985 2131 3062">
    <p class='ocr_par' dir='ltr' id='par_1_61' title="bbox 551 2985 2131 3062">
     <span class='ocr_line' id='line_1_61' title="bbox 551 2985 2131 3062; baseline 0.006 -24"><span class='ocrx_word' id='word_1_461' title='bbox 551 2999 684 3055; x_wconf 85' lang='lat' dir='ltr'><strong>pore</strong></span> <span class='ocrx_word' id='word_1_462' title='bbox 727 2985 1102 3056; x_wconf 87' lang='lat' dir='ltr'><strong>temporaliter</strong></span> <span class='ocrx_word' id='word_1_463' title='bbox 1147 2988 1300 3058; x_wconf 85' lang='lat' dir='ltr'><strong>vivit,</strong></span> <span class='ocrx_word' id='word_1_464' title='bbox 1350 2989 1604 3062; x_wconf 89' lang='lat' dir='ltr'><strong>quisquis</strong></span> <span class='ocrx_word' id='word_1_465' title='bbox 1663 3004 1856 3045; x_wconf 89' lang='lat' dir='ltr'><strong>eorum</strong></span> <span class='ocrx_word' id='word_1_466' title='bbox 1901 2990 2131 3046; x_wconf 90' lang='lat' dir='ltr'><strong>alterum</strong></span> 
     </span>
    </p>
   </div>
   <div class='ocr_carea' id='block_1_62' title="bbox 555 3075 2132 3156">
    <p class='ocr_par' dir='ltr' id='par_1_62' title="bbox 555 3075 2132 3156">
     <span class='ocr_line' id='line_1_62' title="bbox 555 3075 2132 3156; baseline 0.009 -28"><span class='ocrx_word' id='word_1_467' title='bbox 555 3075 756 3143; x_wconf 83' lang='lat' dir='ltr'><strong>vendit,</strong></span> <span class='ocrx_word' id='word_1_468' title='bbox 786 3077 904 3132; x_wconf 86' lang='lat' dir='ltr'><strong>sine</strong></span> <span class='ocrx_word' id='word_1_469' title='bbox 933 3091 1045 3150; x_wconf 88' lang='lat' dir='ltr'><strong>quo</strong></span> <span class='ocrx_word' id='word_1_470' title='bbox 1067 3079 1296 3136; x_wconf 88' lang='lat' dir='ltr'><strong>alterum</strong></span> <span class='ocrx_word' id='word_1_471' title='bbox 1329 3081 1518 3138; x_wconf 88' lang='lat' dir='ltr'><strong>haberi</strong></span> <span class='ocrx_word' id='word_1_472' title='bbox 1555 3098 1666 3138; x_wconf 86' lang='lat' dir='ltr'><strong>non</strong></span> <span class='ocrx_word' id='word_1_473' title='bbox 1693 3083 1966 3156; x_wconf 88' lang='lat' dir='ltr'><strong>provenit,</strong></span> <span class='ocrx_word' id='word_1_474' title='bbox 1992 3099 2132 3142; x_wconf 81' lang='lat' dir='ltr'><strong>ncu-</strong></span> 
     </span>
    </p>
   </div>
   <div class='ocr_carea' id='block_1_63' title="bbox 555 3167 1564 3242">
    <p class='ocr_par' dir='ltr' id='par_1_63' title="bbox 555 3167 1564 3242">
     <span class='ocr_line' id='line_1_63' title="bbox 555 3167 1564 3242; baseline 0.006 -24"><span class='ocrx_word' id='word_1_475' title='bbox 555 3174 698 3219; x_wconf 86' lang='lat' dir='ltr'><strong>trum</strong></span> <span class='ocrx_word' id='word_1_476' title='bbox 726 3180 836 3221; x_wconf 92' lang='lat' dir='ltr'><strong>non</strong></span> <span class='ocrx_word' id='word_1_477' title='bbox 855 3167 1134 3223; x_wconf 79' lang='lat' dir='ltr'><strong>venditum</strong></span> <span class='ocrx_word' id='word_1_478' title='bbox 1161 3169 1502 3242; x_wconf 86' lang='lat' dir='ltr'><strong>derelinquit.</strong></span> <span class='ocrx_word' id='word_1_479' title='bbox 1543 3191 1564 3224; x_wconf 68' lang='grc' dir='ltr'><strong>ι</strong></span> 
     </span>
    </p>
   </div>
   <div class='ocr_carea' id='block_1_64' title="bbox 623 3255 2132 3336">
    <p class='ocr_par' dir='ltr' id='par_1_64' title="bbox 623 3255 2132 3336">
     <span class='ocr_line' id='line_1_64' title="bbox 623 3255 2132 3336; baseline 0.009 -26"><span class='ocrx_word' id='word_1_480' title='bbox 623 3255 764 3324; x_wconf 82' lang='lat' dir='ltr'><strong>Quid</strong></span> <span class='ocrx_word' id='word_1_481' title='bbox 787 3259 936 3328; x_wconf 91' lang='lat' dir='ltr'><strong>quod</strong></span> <span class='ocrx_word' id='word_1_482' title='bbox 954 3259 1117 3316; x_wconf 88' lang='lat' dir='ltr'><strong>etiam</strong></span> <span class='ocrx_word' id='word_1_483' title='bbox 1139 3261 1303 3318; x_wconf 88' lang='lat' dir='ltr'><strong>missa</strong></span> <span class='ocrx_word' id='word_1_484' title='bbox 1329 3278 1359 3318; x_wconf 92' lang='lat' dir='ltr'><strong>a</strong></span> <span class='ocrx_word' id='word_1_485' title='bbox 1375 3265 1572 3322; x_wconf 88' lang='lat' dir='ltr'><strong>talibus</strong></span> <span class='ocrx_word' id='word_1_486' title='bbox 1589 3275 1826 3336; x_wconf 90' lang='lat' dir='ltr'><strong>nequeat</strong></span> <span class='ocrx_word' id='word_1_487' title='bbox 1846 3265 2132 3336; x_wconf 88' lang='lat' dir='ltr'><strong>celebrari,</strong></span> 
     </span>
    </p>
   </div>
   <div class='ocr_carea' id='block_1_65' title="bbox 554 3348 2135 3428">
    <p class='ocr_par' dir='ltr' id='par_1_65' title="bbox 554 3348 2135 3428">
     <span class='ocr_line' id='line_1_65' title="bbox 554 3348 2135 3428; baseline 0.008 -26"><span class='ocrx_word' id='word_1_488' title='bbox 554 3348 798 3405; x_wconf 85' lang='lat' dir='ltr'><strong>declarat</strong></span> <span class='ocrx_word' id='word_1_489' title='bbox 822 3349 1044 3420; x_wconf 89' lang='lat' dir='ltr'><strong>quidem</strong></span> <span class='ocrx_word' id='word_1_490' title='bbox 1083 3351 1140 3405; x_wconf 91' lang='lat' dir='ltr'><strong>in</strong></span> <span class='ocrx_word' id='word_1_491' title='bbox 1180 3353 1367 3408; x_wconf 87' lang='lat' dir='ltr'><strong>eadem</strong></span> <span class='ocrx_word' id='word_1_492' title='bbox 1397 3371 1410 3408; x_wconf 88' lang='lat'><strong>:</strong></span> <span class='ocrx_word' id='word_1_493' title='bbox 1443 3371 1462 3407; x_wconf 84' lang='grc'><em>‹</em></span> <span class='ocrx_word' id='word_1_494' title='bbox 1509 3352 1768 3428; x_wconf 86' lang='lat' dir='ltr'><strong>Nunquid</strong></span> <span class='ocrx_word' id='word_1_495' title='bbox 1815 3357 2135 3415; x_wconf 85' lang='lat' dir='ltr'><strong>maledictus</strong></span> 
     </span>
    </p>
   </div>
   <div class='ocr_carea' id='block_1_66' title="bbox 556 3445 2130 3522">
    <p class='ocr_par' dir='ltr' id='par_1_66' title="bbox 556 3445 2130 3522">
     <span class='ocr_line' id='line_1_66' title="bbox 556 3445 2130 3522; baseline 0.004 -23"><span class='ocrx_word' id='word_1_496' title='bbox 556 3459 656 3499; x_wconf 88' lang='lat' dir='ltr'><strong>sua</strong></span> <span class='ocrx_word' id='word_1_497' title='bbox 705 3445 1077 3500; x_wconf 85' lang='lat' dir='ltr'><strong>benedictione</strong></span> <span class='ocrx_word' id='word_1_498' title='bbox 1121 3461 1316 3516; x_wconf 88' lang='lat' dir='ltr'><strong>panem</strong></span> <span class='ocrx_word' id='word_1_499' title='bbox 1353 3448 1409 3504; x_wconf 91' lang='lat' dir='ltr'><strong>in</strong></span> <span class='ocrx_word' id='word_1_500' title='bbox 1439 3447 1641 3506; x_wconf 89' lang='lat' dir='ltr'><strong>Christi</strong></span> <span class='ocrx_word' id='word_1_501' title='bbox 1675 3449 1864 3522; x_wconf 88' lang='grc'><strong>(1061)</strong></span> <span class='ocrx_word' id='word_1_502' title='bbox 1911 3467 2130 3508; x_wconf 90' lang='lat' dir='ltr'><strong>carnem</strong></span> 
     </span>
    </p>
   </div>
   <div class='ocr_carea' id='block_1_67' title="bbox 465 3535 2136 3612">
    <p class='ocr_par' dir='ltr' id='par_1_67' title="bbox 465 3535 2136 3612">
     <span class='ocr_line' id='line_1_67' title="bbox 465 3535 2136 3612; baseline 0.005 -23"><span class='ocrx_word' id='word_1_503' title='bbox 465 3549 468 3554; x_wconf 92' lang='grc'><strong>·</strong></span> <span class='ocrx_word' id='word_1_504' title='bbox 556 3535 756 3606; x_wconf 88' lang='lat' dir='ltr'><strong>poterit</strong></span> <span class='ocrx_word' id='word_1_505' title='bbox 777 3544 1010 3604; x_wconf 86' lang='lat' dir='ltr'><strong>vertere,</strong></span> <span class='ocrx_word' id='word_1_506' title='bbox 1039 3535 1278 3592; x_wconf 79' lang='lat' dir='ltr'><strong>maxime</strong></span> <span class='ocrx_word' id='word_1_507' title='bbox 1329 3555 1452 3594; x_wconf 88' lang='lat' dir='ltr'><strong>cum</strong></span> <span class='ocrx_word' id='word_1_508' title='bbox 1487 3541 1750 3612; x_wconf 87' lang='lat' dir='ltr'><strong>quidquid</strong></span> <span class='ocrx_word' id='word_1_509' title='bbox 1798 3541 2136 3598; x_wconf 76' lang='lat' dir='ltr'><strong>benedixerit</strong></span> 
     </span>
    </p>
   </div>
   <div class='ocr_carea' id='block_1_68' title="bbox 557 3627 2129 3707">
    <p class='ocr_par' dir='ltr' id='par_1_68' title="bbox 557 3627 2129 3707">
     <span class='ocr_line' id='line_1_68' title="bbox 557 3627 2129 3707; baseline 0.008 -27"><span class='ocrx_word' id='word_1_510' title='bbox 557 3627 820 3683; x_wconf 88' lang='lat' dir='ltr'><strong>Dominus</strong></span> <span class='ocrx_word' id='word_1_511' title='bbox 845 3641 904 3682; x_wconf 88' lang='lat' dir='ltr'><strong>se</strong></span> <span class='ocrx_word' id='word_1_512' title='bbox 939 3627 1355 3686; x_wconf 86' lang='lat' dir='ltr'><strong>maledicturum</strong></span> <span class='ocrx_word' id='word_1_513' title='bbox 1383 3632 1614 3688; x_wconf 90' lang='lat' dir='ltr'><strong>asserit?</strong></span> <span class='ocrx_word' id='word_1_514' title='bbox 1638 3653 1656 3686; x_wconf 74' lang='grc' dir='ltr'><strong>ι</strong></span> <span class='ocrx_word' id='word_1_515' title='bbox 1683 3631 1750 3688; x_wconf 88' lang='grc' dir='ltr'><strong>Ει</strong></span> <span class='ocrx_word' id='word_1_516' title='bbox 1779 3644 1904 3706; x_wconf 88' lang='lat' dir='ltr'><strong>post</strong></span> <span class='ocrx_word' id='word_1_517' title='bbox 1925 3651 2129 3707; x_wconf 90' lang='lat' dir='ltr'><strong>pauca:</strong></span> 
     </span>
    </p>
   </div>
   <div class='ocr_carea' id='block_1_69' title="bbox 563 3719 2133 3784">
    <p class='ocr_par' dir='ltr' id='par_1_69' title="bbox 563 3719 2133 3784">
     <span class='ocr_line' id='line_1_69' title="bbox 563 3719 2133 3784; baseline 0.008 -13"><span class='ocrx_word' id='word_1_518' title='bbox 563 3739 582 3771; x_wconf 79' lang='grc' dir='ltr'>ι</span> <span class='ocrx_word' id='word_1_519' title='bbox 615 3719 674 3774; x_wconf 86' lang='lat' dir='ltr'><strong>Si</strong></span> <span class='ocrx_word' id='word_1_520' title='bbox 713 3719 952 3776; x_wconf 65' lang='lat' dir='ltr'><strong>haeretici</strong></span> <span class='ocrx_word' id='word_1_521' title='bbox 989 3722 1296 3780; x_wconf 83' lang='lat' dir='ltr'><strong>sacerdotes</strong></span> <span class='ocrx_word' id='word_1_522' title='bbox 1328 3738 1488 3780; x_wconf 89' lang='lat' dir='ltr'><strong>voces</strong></span> <span class='ocrx_word' id='word_1_523' title='bbox 1531 3725 1972 3783; x_wconf 80' lang='lat' dir='ltr'><strong>exhortationum</strong></span> <span class='ocrx_word' id='word_1_524' title='bbox 2023 3745 2133 3784; x_wconf 91' lang='lat' dir='ltr'><strong>non</strong></span> 
     </span>
    </p>
   </div>
   <div class='ocr_carea' id='block_1_70' title="bbox 466 3811 2134 3884">
    <p class='ocr_par' dir='ltr' id='par_1_70' title="bbox 466 3811 2134 3884">
     <span class='ocr_line' id='line_1_70' title="bbox 466 3811 2134 3884; baseline 0.005 -18"><span class='ocrx_word' id='word_1_525' title='bbox 466 3819 472 3825; x_wconf 82' lang='grc'><em>’</em></span> <span class='ocrx_word' id='word_1_526' title='bbox 557 3817 788 3881; x_wconf 86' lang='lat' dir='ltr'><strong>possunt</strong></span> <span class='ocrx_word' id='word_1_527' title='bbox 837 3811 962 3882; x_wconf 85' lang='lat' dir='ltr'><strong>fari,</strong></span> <span class='ocrx_word' id='word_1_528' title='bbox 1017 3815 1294 3884; x_wconf 89' lang='lat' dir='ltr'><strong>quomodo</strong></span> <span class='ocrx_word' id='word_1_529' title='bbox 1343 3815 1556 3871; x_wconf 87' lang='lat' dir='ltr'><strong>valeant</strong></span> <span class='ocrx_word' id='word_1_530' title='bbox 1599 3817 1787 3873; x_wconf 88' lang='lat' dir='ltr'><strong>vinum</strong></span> <span class='ocrx_word' id='word_1_531' title='bbox 1837 3817 1892 3874; x_wconf 90' lang='lat' dir='ltr'><strong>in</strong></span> <span class='ocrx_word' id='word_1_532' title='bbox 1929 3817 2134 3875; x_wconf 88' lang='lat' dir='ltr'><strong>Christi</strong></span> 
     </span>
    </p>
   </div>
   <div class='ocr_carea' id='block_1_71' title="bbox 555 3903 2136 3982">
    <p class='ocr_par' dir='ltr' id='par_1_71' title="bbox 555 3903 2136 3982">
     <span class='ocr_line' id='line_1_71' title="bbox 555 3903 2136 3982; baseline 0.008 -26"><span class='ocrx_word' id='word_1_533' title='bbox 555 3917 809 3956; x_wconf 85' lang='lat' dir='ltr'><strong>cruorem</strong></span> <span class='ocrx_word' id='word_1_534' title='bbox 855 3905 1098 3960; x_wconf 84' lang='lat' dir='ltr'><strong>vertere?</strong></span> <span class='ocrx_word' id='word_1_535' title='bbox 1125 3903 1194 3960; x_wconf 85' lang='lat' dir='ltr'><strong>Et</strong></span> <span class='ocrx_word' id='word_1_536' title='bbox 1239 3906 1286 3962; x_wconf 87' lang='lat' dir='ltr'><strong>si</strong></span> <span class='ocrx_word' id='word_1_537' title='bbox 1325 3905 1591 3964; x_wconf 88' lang='lat' dir='ltr'><strong>Dominus</strong></span> <span class='ocrx_word' id='word_1_538' title='bbox 1629 3908 1882 3981; x_wconf 72' lang='lat' dir='ltr'><strong>praecepit</strong></span> <span class='ocrx_word' id='word_1_539' title='bbox 1930 3927 2136 3982; x_wconf 88' lang='lat' dir='ltr'><strong>nequa-</strong></span> 
     </span>
    </p>
   </div>
   <div class='ocr_carea' id='block_1_72' title="bbox 491 3993 2128 4071">
    <p class='ocr_par' dir='ltr' id='par_1_72' title="bbox 491 3993 2128 4071">
     <span class='ocr_line' id='line_1_72' title="bbox 491 3993 2128 4071; baseline 0.009 -26"><span class='ocrx_word' id='word_1_540' title='bbox 491 3996 494 4000; x_wconf 86' lang='lat'>&#39;</span> <span class='ocrx_word' id='word_1_541' title='bbox 559 4008 725 4062; x_wconf 88' lang='lat' dir='ltr'><strong>quam</strong></span> <span class='ocrx_word' id='word_1_542' title='bbox 763 3993 883 4050; x_wconf 92' lang='lat' dir='ltr'><strong>dari</strong></span> <span class='ocrx_word' id='word_1_543' title='bbox 923 3995 1233 4063; x_wconf 90' lang='lat' dir='ltr'><strong>homicidis,</strong></span> <span class='ocrx_word' id='word_1_544' title='bbox 1257 3998 1540 4068; x_wconf 86' lang='lat' dir='ltr'><strong>adulteris,</strong></span> <span class='ocrx_word' id='word_1_545' title='bbox 1571 4001 1860 4071; x_wconf 87' lang='lat' dir='ltr'><strong>rapacibus</strong></span> <span class='ocrx_word' id='word_1_546' title='bbox 1897 4010 1952 4058; x_wconf 89' lang='lat' dir='ltr'><strong>et</strong></span> <span class='ocrx_word' id='word_1_547' title='bbox 1975 4011 2128 4059; x_wconf 60' lang='lat' dir='ltr'><strong>carto-</strong></span> 
     </span>
    </p>
   </div>
   <div class='ocr_carea' id='block_1_73' title="bbox 557 4085 2136 4167">
    <p class='ocr_par' dir='ltr' id='par_1_73' title="bbox 557 4085 2136 4167">
     <span class='ocr_line' id='line_1_73' title="bbox 557 4085 2136 4167; baseline 0.007 -27"><span class='ocrx_word' id='word_1_548' title='bbox 557 4085 635 4140; x_wconf 84' lang='lat' dir='ltr'><strong>ris</strong></span> <span class='ocrx_word' id='word_1_549' title='bbox 662 4085 1036 4144; x_wconf 89' lang='lat' dir='ltr'><strong>criminalibus</strong></span> <span class='ocrx_word' id='word_1_550' title='bbox 1057 4091 1294 4160; x_wconf 86' lang='lat' dir='ltr'><strong>peccatis</strong></span> <span class='ocrx_word' id='word_1_551' title='bbox 1326 4091 1573 4159; x_wconf 87' lang='lat' dir='ltr'><strong>irretitis,</strong></span> <span class='ocrx_word' id='word_1_552' title='bbox 1597 4108 1796 4164; x_wconf 89' lang='lat' dir='ltr'><strong>corpus</strong></span> <span class='ocrx_word' id='word_1_553' title='bbox 1831 4104 1886 4150; x_wconf 91' lang='lat' dir='ltr'><strong>et</strong></span> <span class='ocrx_word' id='word_1_554' title='bbox 1913 4095 2136 4167; x_wconf 79' lang='lat' dir='ltr'><strong>sangui-</strong></span> 
     </span>
    </p>
   </div>
   <div class='ocr_carea' id='block_1_74' title="bbox 559 4180 2134 4254">
    <p class='ocr_par' dir='ltr' id='par_1_74' title="bbox 559 4180 2134 4254">
     <span class='ocr_line' id='line_1_74' title="bbox 559 4180 2134 4254; baseline 0.005 -22"><span class='ocrx_word' id='word_1_555' title='bbox 559 4193 684 4232; x_wconf 89' lang='lat' dir='ltr'><strong>nem</strong></span> <span class='ocrx_word' id='word_1_556' title='bbox 719 4193 882 4234; x_wconf 89' lang='lat' dir='ltr'><strong>suum</strong></span> <span class='ocrx_word' id='word_1_557' title='bbox 913 4195 1087 4250; x_wconf 90' lang='lat' dir='ltr'><strong>usque</strong></span> <span class='ocrx_word' id='word_1_558' title='bbox 1123 4180 1189 4235; x_wconf 86' lang='lat' dir='ltr'><strong>ad</strong></span> <span class='ocrx_word' id='word_1_559' title='bbox 1231 4180 1678 4249; x_wconf 88' lang='lat' dir='ltr'><strong>satisfactionem,</strong></span> <span class='ocrx_word' id='word_1_560' title='bbox 1710 4184 1986 4254; x_wconf 89' lang='lat' dir='ltr'><strong>quomodo</strong></span> <span class='ocrx_word' id='word_1_561' title='bbox 2022 4184 2134 4254; x_wconf 87' lang='lat' dir='ltr'><strong>ipse</strong></span> 
     </span>
    </p>
   </div>
   <div class='ocr_carea' id='block_1_75' title="bbox 2232 2985 3813 3063">
    <p class='ocr_par' dir='ltr' id='par_1_75' title="bbox 2232 2985 3813 3063">
     <span class='ocr_line' id='line_1_75' title="bbox 2232 2985 3813 3063; baseline -0.006 -15"><span class='ocrx_word' id='word_1_562' title='bbox 2232 2991 2466 3048; x_wconf 87' lang='lat' dir='ltr'><strong>adscivit</strong></span> <span class='ocrx_word' id='word_1_563' title='bbox 2492 2989 2710 3063; x_wconf 80' lang='lat' dir='ltr'><strong>(l063);</strong></span> <span class='ocrx_word' id='word_1_564' title='bbox 2739 2987 3124 3059; x_wconf 87' lang='lat' dir='ltr'><strong>advocatisque</strong></span> <span class='ocrx_word' id='word_1_565' title='bbox 3145 2987 3372 3058; x_wconf 88' lang='lat' dir='ltr'><strong>insuper</strong></span> <span class='ocrx_word' id='word_1_566' title='bbox 3397 2985 3638 3058; x_wconf 70' lang='lat' dir='ltr'><strong>Apuliae,</strong></span> <span class='ocrx_word' id='word_1_567' title='bbox 3661 2985 3813 3041; x_wconf 57' lang='lat' dir='ltr'><strong>Ca-</strong></span> 
     </span>
    </p>
   </div>
   <div class='ocr_carea' id='block_1_76' title="bbox 2233 3077 3812 3156">
    <p class='ocr_par' dir='ltr' id='par_1_76' title="bbox 2233 3077 3812 3156">
     <span class='ocr_line' id='line_1_76' title="bbox 2233 3077 3812 3156; baseline -0.006 -16"><span class='ocrx_word' id='word_1_568' title='bbox 2233 3083 2426 3156; x_wconf 73' lang='lat' dir='ltr'><strong>panize,</strong></span> <span class='ocrx_word' id='word_1_569' title='bbox 2449 3082 2614 3138; x_wconf 78' lang='lat' dir='ltr'><strong>Italia:</strong></span> <span class='ocrx_word' id='word_1_570' title='bbox 2637 3081 2983 3154; x_wconf 63' lang='lat' dir='ltr'><strong>praesulibus,</strong></span> <span class='ocrx_word' id='word_1_571' title='bbox 3009 3079 3277 3151; x_wconf 76' lang='lat' dir='ltr'><strong>synodum</strong></span> <span class='ocrx_word' id='word_1_572' title='bbox 3299 3077 3491 3134; x_wconf 68' lang='lat' dir='ltr'><strong>Romae</strong></span> <span class='ocrx_word' id='word_1_573' title='bbox 3511 3079 3568 3132; x_wconf 91' lang='lat' dir='ltr'><strong>in</strong></span> <span class='ocrx_word' id='word_1_574' title='bbox 3593 3079 3812 3133; x_wconf 79' lang='lat' dir='ltr'><strong>ecclesia</strong></span> 
     </span>
    </p>
   </div>
   <div class='ocr_carea' id='block_1_77' title="bbox 2235 3168 3814 3232">
    <p class='ocr_par' dir='ltr' id='par_1_77' title="bbox 2235 3168 3814 3232">
     <span class='ocr_line' id='line_1_77' title="bbox 2235 3168 3814 3232; baseline -0.006 0"><span class='ocrx_word' id='word_1_575' title='bbox 2235 3172 2535 3232; x_wconf 87' lang='lat' dir='ltr'><strong>Salvatoris</strong></span> <span class='ocrx_word' id='word_1_576' title='bbox 2555 3171 2864 3229; x_wconf 84' lang='lat' dir='ltr'><strong>celebravit.</strong></span> <span class='ocrx_word' id='word_1_577' title='bbox 2889 3169 2966 3225; x_wconf 89' lang='lat' dir='ltr'><strong>lbi</strong></span> <span class='ocrx_word' id='word_1_578' title='bbox 3009 3170 3194 3226; x_wconf 88' lang='lat' dir='ltr'><strong>omnia</strong></span> <span class='ocrx_word' id='word_1_579' title='bbox 3221 3168 3578 3225; x_wconf 81' lang='lat' dir='ltr'><strong>Constantini</strong></span> <span class='ocrx_word' id='word_1_580' title='bbox 3624 3179 3814 3225; x_wconf 84' lang='lat' dir='ltr'><strong>statuta</strong></span> 
     </span>
    </p>
   </div>
   <div class='ocr_carea' id='block_1_78' title="bbox 2232 3261 3810 3334">
    <p class='ocr_par' dir='ltr' id='par_1_78' title="bbox 2232 3261 3810 3334">
     <span class='ocr_line' id='line_1_78' title="bbox 2232 3261 3810 3334; baseline -0.005 -10"><span class='ocrx_word' id='word_1_581' title='bbox 2232 3283 2296 3324; x_wconf 78' lang='lat' dir='ltr'><strong>ex</strong></span> <span class='ocrx_word' id='word_1_582' title='bbox 2323 3264 2600 3323; x_wconf 91' lang='lat' dir='ltr'><strong>communi</strong></span> <span class='ocrx_word' id='word_1_583' title='bbox 2617 3262 2826 3334; x_wconf 82' lang='lat' dir='ltr'><strong>judicio</strong></span> <span class='ocrx_word' id='word_1_584' title='bbox 2855 3261 3202 3328; x_wconf 86' lang='lat' dir='ltr'><strong>scinduntur,</strong></span> <span class='ocrx_word' id='word_1_585' title='bbox 3232 3261 3439 3332; x_wconf 88' lang='lat' dir='ltr'><strong>scripta</strong></span> <span class='ocrx_word' id='word_1_586' title='bbox 3463 3262 3590 3333; x_wconf 83' lang='lat' dir='ltr'><strong>ejus</strong></span> <span class='ocrx_word' id='word_1_587' title='bbox 3617 3261 3670 3316; x_wconf 90' lang='lat' dir='ltr'><strong>in</strong></span> <span class='ocrx_word' id='word_1_588' title='bbox 3693 3277 3810 3332; x_wconf 73' lang='lat' dir='ltr'><strong>pra:-</strong></span> 
     </span>
    </p>
   </div>
   <div class='ocr_carea' id='block_1_79' title="bbox 2234 3353 3811 3426">
    <p class='ocr_par' dir='ltr' id='par_1_79' title="bbox 2234 3353 3811 3426">
     <span class='ocr_line' id='line_1_79' title="bbox 2234 3353 3811 3426; baseline -0.004 -13"><span class='ocrx_word' id='word_1_589' title='bbox 2234 3357 2374 3414; x_wconf 89' lang='lat' dir='ltr'><strong>senti</strong></span> <span class='ocrx_word' id='word_1_590' title='bbox 2402 3357 2800 3413; x_wconf 90' lang='lat' dir='ltr'><strong>comburuntur</strong></span> <span class='ocrx_word' id='word_1_591' title='bbox 2825 3396 2838 3410; x_wconf 96' lang='lat'><strong>.</strong></span> <span class='ocrx_word' id='word_1_592' title='bbox 2871 3353 2991 3426; x_wconf 86' lang='lat' dir='ltr'><strong>ipse</strong></span> <span class='ocrx_word' id='word_1_593' title='bbox 3021 3353 3331 3426; x_wconf 86' lang='lat' dir='ltr'><strong>Stephanus</strong></span> <span class='ocrx_word' id='word_1_594' title='bbox 3352 3370 3498 3426; x_wconf 84' lang='lat' dir='ltr'><strong>papa</strong></span> <span class='ocrx_word' id='word_1_595' title='bbox 3520 3371 3648 3410; x_wconf 88' lang='lat' dir='ltr'><strong>cum</strong></span> <span class='ocrx_word' id='word_1_596' title='bbox 3679 3355 3811 3410; x_wconf 77' lang='lat' dir='ltr'><strong>clero</strong></span> 
     </span>
    </p>
   </div>
   <div class='ocr_carea' id='block_1_80' title="bbox 2232 3445 3810 3521">
    <p class='ocr_par' dir='ltr' id='par_1_80' title="bbox 2232 3445 3810 3521">
     <span class='ocr_line' id='line_1_80' title="bbox 2232 3445 3810 3521; baseline -0.003 -17"><span class='ocrx_word' id='word_1_597' title='bbox 2232 3457 2542 3521; x_wconf 86' lang='lat' dir='ltr'><strong>prostratus</strong></span> <span class='ocrx_word' id='word_1_598' title='bbox 2567 3448 2821 3520; x_wconf 69' lang='lat' dir='ltr'><strong>paenituit</strong></span> <span class='ocrx_word' id='word_1_599' title='bbox 2845 3463 2904 3502; x_wconf 86' lang='lat' dir='ltr'><strong>se</strong></span> <span class='ocrx_word' id='word_1_600' title='bbox 2931 3462 3175 3518; x_wconf 90' lang='lat' dir='ltr'><strong>unquam</strong></span> <span class='ocrx_word' id='word_1_601' title='bbox 3199 3463 3357 3518; x_wconf 73' lang='lat' dir='ltr'><strong>papae</strong></span> <span class='ocrx_word' id='word_1_602' title='bbox 3385 3445 3666 3520; x_wconf 64' lang='lat' dir='ltr'><strong>neophyto</strong></span> <span class='ocrx_word' id='word_1_603' title='bbox 3690 3446 3810 3502; x_wconf 77' lang='lat' dir='ltr'><strong>obe-</strong></span> 
     </span>
    </p>
   </div>
   <div class='ocr_carea' id='block_1_81' title="bbox 2233 3538 3803 3610">
    <p class='ocr_par' dir='ltr' id='par_1_81' title="bbox 2233 3538 3803 3610">
     <span class='ocr_line' id='line_1_81' title="bbox 2233 3538 3803 3610; baseline -0.006 -13"><span class='ocrx_word' id='word_1_604' title='bbox 2233 3541 2400 3609; x_wconf 87' lang='lat' dir='ltr'><strong>disse,</strong></span> <span class='ocrx_word' id='word_1_605' title='bbox 2426 3555 2486 3596; x_wconf 88' lang='lat' dir='ltr'><strong>se</strong></span> <span class='ocrx_word' id='word_1_606' title='bbox 2513 3540 2580 3596; x_wconf 90' lang='lat' dir='ltr'><strong>de</strong></span> <span class='ocrx_word' id='word_1_607' title='bbox 2603 3539 2861 3595; x_wconf 88' lang='lat' dir='ltr'><strong>manibus</strong></span> <span class='ocrx_word' id='word_1_608' title='bbox 2889 3538 3010 3610; x_wconf 90' lang='lat' dir='ltr'><strong>ejus</strong></span> <span class='ocrx_word' id='word_1_609' title='bbox 3048 3539 3496 3594; x_wconf 89' lang='lat' dir='ltr'><strong>communionem</strong></span> <span class='ocrx_word' id='word_1_610' title='bbox 3522 3538 3803 3607; x_wconf 81' lang='lat' dir='ltr'><strong>accepisse.</strong></span> 
     </span>
    </p>
   </div>
   <div class='ocr_carea' id='block_1_82' title="bbox 2235 3627 3810 3704">
    <p class='ocr_par' dir='ltr' id='par_1_82' title="bbox 2235 3627 3810 3704">
     <span class='ocr_line' id='line_1_82' title="bbox 2235 3627 3810 3704; baseline -0.004 -17"><span class='ocrx_word' id='word_1_611' title='bbox 2235 3631 2522 3688; x_wconf 88' lang='lat' dir='ltr'><strong>Decretum</strong></span> <span class='ocrx_word' id='word_1_612' title='bbox 2549 3639 2632 3688; x_wconf 92' lang='lat' dir='ltr'><strong>est</strong></span> <span class='ocrx_word' id='word_1_613' title='bbox 2659 3631 2826 3704; x_wconf 74' lang='lat' dir='ltr'><strong>igitur</strong></span> <span class='ocrx_word' id='word_1_614' title='bbox 2856 3629 2912 3686; x_wconf 91' lang='lat' dir='ltr'><strong>in</strong></span> <span class='ocrx_word' id='word_1_615' title='bbox 2951 3628 3183 3684; x_wconf 89' lang='lat' dir='ltr'><strong>concilio</strong></span> <span class='ocrx_word' id='word_1_616' title='bbox 3223 3629 3418 3684; x_wconf 83' lang='lat' dir='ltr'><strong>eodem</strong></span> <span class='ocrx_word' id='word_1_617' title='bbox 3453 3628 3560 3684; x_wconf 92' lang='lat' dir='ltr'><strong>sub</strong></span> <span class='ocrx_word' id='word_1_618' title='bbox 3591 3627 3810 3683; x_wconf 87' lang='lat' dir='ltr'><strong>anathe-</strong></span> 
     </span>
    </p>
   </div>
   <div class='ocr_carea' id='block_1_83' title="bbox 2234 3720 3809 3792">
    <p class='ocr_par' dir='ltr' id='par_1_83' title="bbox 2234 3720 3809 3792">
     <span class='ocr_line' id='line_1_83' title="bbox 2234 3720 3809 3792; baseline -0.005 -12"><span class='ocrx_word' id='word_1_619' title='bbox 2234 3723 2400 3781; x_wconf 89' lang='lat' dir='ltr'><strong>matis</strong></span> <span class='ocrx_word' id='word_1_620' title='bbox 2425 3723 2644 3780; x_wconf 89' lang='lat' dir='ltr'><strong>vinculo</strong></span> <span class='ocrx_word' id='word_1_621' title='bbox 2665 3723 2874 3779; x_wconf 90' lang='lat' dir='ltr'><strong>nullum</strong></span> <span class='ocrx_word' id='word_1_622' title='bbox 2897 3721 3095 3778; x_wconf 89' lang='lat' dir='ltr'><strong>dehinc</strong></span> <span class='ocrx_word' id='word_1_623' title='bbox 3129 3720 3466 3792; x_wconf 80' lang='lat' dir='ltr'><strong>neophytum</strong></span> <span class='ocrx_word' id='word_1_624' title='bbox 3490 3721 3561 3776; x_wconf 87' lang='lat' dir='ltr'><strong>ad</strong></span> <span class='ocrx_word' id='word_1_625' title='bbox 3602 3720 3809 3791; x_wconf 81' lang='lat' dir='ltr'><strong>episco-</strong></span> 
     </span>
    </p>
   </div>
   <div class='ocr_carea' id='block_1_84' title="bbox 2233 3814 3809 3889">
    <p class='ocr_par' dir='ltr' id='par_1_84' title="bbox 2233 3814 3809 3889">
     <span class='ocr_line' id='line_1_84' title="bbox 2233 3814 3809 3889; baseline -0.001 -17"><span class='ocrx_word' id='word_1_626' title='bbox 2233 3818 2409 3889; x_wconf 86' lang='lat' dir='ltr'><strong>palem</strong></span> <span class='ocrx_word' id='word_1_627' title='bbox 2434 3817 2674 3888; x_wconf 83' lang='lat' dir='ltr'><strong>aspirare</strong></span> <span class='ocrx_word' id='word_1_628' title='bbox 2701 3816 2928 3888; x_wconf 87' lang='lat' dir='ltr'><strong>apicem.</strong></span> <span class='ocrx_word' id='word_1_629' title='bbox 2959 3814 3032 3870; x_wconf 88' lang='lat' dir='ltr'><strong>De</strong></span> <span class='ocrx_word' id='word_1_630' title='bbox 3055 3815 3328 3886; x_wconf 89' lang='lat' dir='ltr'><strong>episcopis</strong></span> <span class='ocrx_word' id='word_1_631' title='bbox 3348 3824 3561 3884; x_wconf 88' lang='lat' dir='ltr'><strong>autem,</strong></span> <span class='ocrx_word' id='word_1_632' title='bbox 3587 3815 3809 3886; x_wconf 77' lang='lat' dir='ltr'><strong>presby—</strong></span> 
     </span>
    </p>
   </div>
   <div class='ocr_carea' id='block_1_85' title="bbox 2233 3905 3810 3978">
    <p class='ocr_par' dir='ltr' id='par_1_85' title="bbox 2233 3905 3810 3978">
     <span class='ocr_line' id='line_1_85' title="bbox 2233 3905 3810 3978; baseline -0.004 -14"><span class='ocrx_word' id='word_1_633' title='bbox 2233 3907 2368 3964; x_wconf 88' lang='lat' dir='ltr'><strong>teris</strong></span> <span class='ocrx_word' id='word_1_634' title='bbox 2421 3913 2478 3964; x_wconf 91' lang='lat' dir='ltr'><strong>et</strong></span> <span class='ocrx_word' id='word_1_635' title='bbox 2517 3907 2728 3964; x_wconf 58' lang='lat' dir='ltr'><strong>exteris</strong></span> <span class='ocrx_word' id='word_1_636' title='bbox 2775 3921 2917 3978; x_wconf 90' lang='lat' dir='ltr'><strong>quos</strong></span> <span class='ocrx_word' id='word_1_637' title='bbox 2959 3905 3148 3960; x_wconf 75' lang='lat' dir='ltr'><strong>infelix</strong></span> <span class='ocrx_word' id='word_1_638' title='bbox 3180 3905 3584 3962; x_wconf 88' lang='lat' dir='ltr'><strong>Constantinus</strong></span> <span class='ocrx_word' id='word_1_639' title='bbox 3627 3918 3810 3960; x_wconf 85' lang='lat' dir='ltr'><strong>conse-</strong></span> 
     </span>
    </p>
   </div>
   <div class='ocr_carea' id='block_1_86' title="bbox 2235 3995 3809 4064">
    <p class='ocr_par' dir='ltr' id='par_1_86' title="bbox 2235 3995 3809 4064">
     <span class='ocr_line' id='line_1_86' title="bbox 2235 3995 3809 4064; baseline -0.002 -10"><span class='ocrx_word' id='word_1_640' title='bbox 2235 3998 2438 4054; x_wconf 89' lang='lat' dir='ltr'><strong>crando</strong></span> <span class='ocrx_word' id='word_1_641' title='bbox 2463 3997 2828 4064; x_wconf 86' lang='lat' dir='ltr'><strong>ordinaverat,</strong></span> <span class='ocrx_word' id='word_1_642' title='bbox 2875 4004 3141 4052; x_wconf 90' lang='lat' dir='ltr'><strong>statutum</strong></span> <span class='ocrx_word' id='word_1_643' title='bbox 3188 4005 3275 4052; x_wconf 88' lang='lat' dir='ltr'><strong>est</strong></span> <span class='ocrx_word' id='word_1_644' title='bbox 3320 4005 3384 4051; x_wconf 90' lang='lat' dir='ltr'><strong>ut</strong></span> <span class='ocrx_word' id='word_1_645' title='bbox 3423 4011 3620 4052; x_wconf 83' lang='lat' dir='ltr'><strong>omnes</strong></span> <span class='ocrx_word' id='word_1_646' title='bbox 3649 3995 3809 4051; x_wconf 87' lang='lat' dir='ltr'><strong>eccle-</strong></span> 
     </span>
    </p>
   </div>
   <div class='ocr_carea' id='block_1_87' title="bbox 2235 4085 3809 4159">
    <p class='ocr_par' dir='ltr' id='par_1_87' title="bbox 2235 4085 3809 4159">
     <span class='ocr_line' id='line_1_87' title="bbox 2235 4085 3809 4159; baseline -0.005 -14"><span class='ocrx_word' id='word_1_647' title='bbox 2235 4089 2490 4156; x_wconf 89' lang='lat' dir='ltr'><strong>siasticis,</strong></span> <span class='ocrx_word' id='word_1_648' title='bbox 2519 4103 2659 4159; x_wconf 88' lang='lat' dir='ltr'><strong>quos</strong></span> <span class='ocrx_word' id='word_1_649' title='bbox 2696 4103 2790 4158; x_wconf 89' lang='lat' dir='ltr'><strong>per</strong></span> <span class='ocrx_word' id='word_1_650' title='bbox 2813 4102 2940 4142; x_wconf 90' lang='lat' dir='ltr'><strong>eum</strong></span> <span class='ocrx_word' id='word_1_651' title='bbox 2986 4087 3090 4142; x_wconf 89' lang='lat' dir='ltr'><strong>sibi</strong></span> <span class='ocrx_word' id='word_1_652' title='bbox 3122 4086 3562 4153; x_wconf 88' lang='lat' dir='ltr'><strong>vindicaverant,</strong></span> <span class='ocrx_word' id='word_1_653' title='bbox 3596 4085 3809 4140; x_wconf 81' lang='lat' dir='ltr'><strong>honori-</strong></span> 
     </span>
    </p>
   </div>
   <div class='ocr_carea' id='block_1_88' title="bbox 2236 4177 3808 4251">
    <p class='ocr_par' dir='ltr' id='par_1_88' title="bbox 2236 4177 3808 4251">
     <span class='ocr_line' id='line_1_88' title="bbox 2236 4177 3808 4251; baseline -0.004 -15"><span class='ocrx_word' id='word_1_654' title='bbox 2236 4179 2339 4236; x_wconf 89' lang='lat' dir='ltr'><strong>bus</strong></span> <span class='ocrx_word' id='word_1_655' title='bbox 2368 4177 2677 4251; x_wconf 79' lang='lat' dir='ltr'><strong>exspoliati,</strong></span> <span class='ocrx_word' id='word_1_656' title='bbox 2699 4179 3087 4234; x_wconf 89' lang='lat' dir='ltr'><strong>descenderent</strong></span> <span class='ocrx_word' id='word_1_657' title='bbox 3109 4178 3176 4234; x_wconf 88' lang='lat' dir='ltr'><strong>ad</strong></span> <span class='ocrx_word' id='word_1_658' title='bbox 3201 4179 3350 4234; x_wconf 86' lang='lat' dir='ltr'><strong>solos</strong></span> <span class='ocrx_word' id='word_1_659' title='bbox 3382 4178 3505 4234; x_wconf 90' lang='lat' dir='ltr'><strong>illos</strong></span> <span class='ocrx_word' id='word_1_660' title='bbox 3527 4179 3730 4249; x_wconf 80' lang='lat' dir='ltr'><strong>gradus</strong></span> <span class='ocrx_word' id='word_1_661' title='bbox 3760 4177 3808 4230; x_wconf 90' lang='lat' dir='ltr'><strong>in</strong></span> 
     </span>
    </p>
   </div>
   <div class='ocr_carea' id='block_1_89' title="bbox 558 4265 3809 4346">
    <p class='ocr_par' dir='ltr' id='par_1_89' title="bbox 558 4265 3809 4346">
     <span class='ocr_line' id='line_1_89' title="bbox 558 4265 3809 4346; baseline -0.001 -24"><span class='ocrx_word' id='word_1_662' title='bbox 558 4267 709 4324; x_wconf 86' lang='lat' dir='ltr'><strong>dabit</strong></span> <span class='ocrx_word' id='word_1_663' title='bbox 731 4267 1403 4342; x_wconf 86' lang='lat' dir='ltr'><strong>saccrdotiumusurpanti</strong></span> <span class='ocrx_word' id='word_1_664' title='bbox 1437 4289 1533 4346; x_wconf 87' lang='lat' dir='ltr'><strong>per</strong></span> <span class='ocrx_word' id='word_1_665' title='bbox 1561 4273 1927 4332; x_wconf 86' lang='lat' dir='ltr'><strong>Simoniacam</strong></span> <span class='ocrx_word' id='word_1_666' title='bbox 1955 4275 2126 4332; x_wconf 67' lang='lat' dir='ltr'><strong>haere-</strong></span> <span class='ocrx_word' id='word_1_667' title='bbox 2162 4265 2206 4321; x_wconf 83' lang='lat' dir='ltr'><strong>D</strong></span> <span class='ocrx_word' id='word_1_668' title='bbox 2231 4271 2433 4344; x_wconf 87' lang='lat' dir='ltr'><strong>quibus</strong></span> <span class='ocrx_word' id='word_1_669' title='bbox 2481 4272 2860 4337; x_wconf 85' lang='lat' dir='ltr'><strong>constiterant,</strong></span> <span class='ocrx_word' id='word_1_670' title='bbox 2901 4269 3218 4344; x_wconf 86' lang='lat' dir='ltr'><strong>priusquam</strong></span> <span class='ocrx_word' id='word_1_671' title='bbox 3269 4268 3341 4324; x_wconf 88' lang='lat' dir='ltr'><strong>ab</strong></span> <span class='ocrx_word' id='word_1_672' title='bbox 3386 4283 3455 4324; x_wconf 88' lang='lat' dir='ltr'><strong>eo</strong></span> <span class='ocrx_word' id='word_1_673' title='bbox 3503 4268 3574 4324; x_wconf 86' lang='lat' dir='ltr'><strong>ad</strong></span> <span class='ocrx_word' id='word_1_674' title='bbox 3627 4267 3809 4324; x_wconf 83' lang='lat' dir='ltr'><strong>altiora</strong></span> 
     </span>
    </p>
   </div>
   <div class='ocr_carea' id='block_1_90' title="bbox 557 4352 1322 4428">
    <p class='ocr_par' dir='ltr' id='par_1_90' title="bbox 557 4352 1322 4428">
     <span class='ocr_line' id='line_1_90' title="bbox 557 4352 1322 4428; baseline 0.001 -16"><span class='ocrx_word' id='word_1_675' title='bbox 557 4357 664 4412; x_wconf 86' lang='lat' dir='ltr'><strong>sim</strong></span> <span class='ocrx_word' id='word_1_676' title='bbox 701 4352 902 4428; x_wconf 87' lang='lat' dir='ltr'><strong>ubique</strong></span> <span class='ocrx_word' id='word_1_677' title='bbox 927 4359 1272 4415; x_wconf 87' lang='lat' dir='ltr'><strong>damnatam?</strong></span> <span class='ocrx_word' id='word_1_678' title='bbox 1303 4381 1322 4413; x_wconf 72' lang='grc' dir='ltr'><strong><em>ι</em></strong></span> 
     </span>
    </p>
   </div>
   <div class='ocr_carea' id='block_1_91' title="bbox 627 4447 2131 4521">
    <p class='ocr_par' dir='ltr' id='par_1_91' title="bbox 627 4447 2131 4521">
     <span class='ocr_line' id='line_1_91' title="bbox 627 4447 2131 4521; baseline 0.005 -19"><span class='ocrx_word' id='word_1_679' title='bbox 627 4447 908 4516; x_wconf 59' lang='lat' dir='ltr'><strong>Quantum</strong></span> <span class='ocrx_word' id='word_1_680' title='bbox 933 4453 1126 4504; x_wconf 84' lang='lat' dir='ltr'><strong>noceat</strong></span> <span class='ocrx_word' id='word_1_681' title='bbox 1156 4450 1340 4506; x_wconf 88' lang='lat' dir='ltr'><strong>audita</strong></span> <span class='ocrx_word' id='word_1_682' title='bbox 1379 4466 1570 4508; x_wconf 89' lang='lat' dir='ltr'><strong>eorum</strong></span> <span class='ocrx_word' id='word_1_683' title='bbox 1610 4453 1801 4521; x_wconf 89' lang='lat' dir='ltr'><strong>missa,</strong></span> <span class='ocrx_word' id='word_1_684' title='bbox 1831 4452 1955 4508; x_wconf 88' lang='lat' dir='ltr'><strong>audi</strong></span> <span class='ocrx_word' id='word_1_685' title='bbox 1977 4468 2131 4509; x_wconf 87' lang='lat' dir='ltr'><strong>eum-</strong></span> 
     </span>
    </p>
   </div>
   <div class='ocr_carea' id='block_1_92' title="bbox 560 4537 2132 4612">
    <p class='ocr_par' dir='ltr' id='par_1_92' title="bbox 560 4537 2132 4612">
     <span class='ocr_line' id='line_1_92' title="bbox 560 4537 2132 4612; baseline 0.003 -19"><span class='ocrx_word' id='word_1_686' title='bbox 560 4537 682 4593; x_wconf 88' lang='lat' dir='ltr'><strong>dem</strong></span> <span class='ocrx_word' id='word_1_687' title='bbox 709 4555 724 4592; x_wconf 90' lang='lat'><strong>:</strong></span> <span class='ocrx_word' id='word_1_688' title='bbox 763 4555 782 4590; x_wconf 73' lang='grc' dir='ltr'>σ</span> <span class='ocrx_word' id='word_1_689' title='bbox 817 4537 954 4593; x_wconf 91' lang='lat' dir='ltr'><strong>Cum</strong></span> <span class='ocrx_word' id='word_1_690' title='bbox 988 4553 1117 4610; x_wconf 78' lang='lat' dir='ltr'><strong>ergo</strong></span> <span class='ocrx_word' id='word_1_691' title='bbox 1149 4540 1284 4597; x_wconf 88' lang='lat' dir='ltr'><strong>tales</strong></span> <span class='ocrx_word' id='word_1_692' title='bbox 1312 4540 1617 4612; x_wconf 90' lang='lat' dir='ltr'><strong>episcopos,</strong></span> <span class='ocrx_word' id='word_1_693' title='bbox 1643 4543 1729 4598; x_wconf 89' lang='lat' dir='ltr'><strong>vel</strong></span> <span class='ocrx_word' id='word_1_694' title='bbox 1771 4543 2018 4610; x_wconf 85' lang='lat' dir='ltr'><strong>abbatcs,</strong></span> <span class='ocrx_word' id='word_1_695' title='bbox 2046 4544 2132 4598; x_wconf 89' lang='lat' dir='ltr'><strong>vel</strong></span> 
     </span>
    </p>
   </div>
   <div class='ocr_carea' id='block_1_93' title="bbox 560 4624 2133 4699">
    <p class='ocr_par' dir='ltr' id='par_1_93' title="bbox 560 4624 2133 4699">
     <span class='ocr_line' id='line_1_93' title="bbox 560 4624 2133 4699; baseline 0.003 -15"><span class='ocrx_word' id='word_1_696' title='bbox 560 4629 802 4699; x_wconf 87' lang='lat' dir='ltr'><strong>reliquos</strong></span> <span class='ocrx_word' id='word_1_697' title='bbox 827 4629 1052 4686; x_wconf 88' lang='lat' dir='ltr'><strong>clericos</strong></span> <span class='ocrx_word' id='word_1_698' title='bbox 1078 4646 1186 4686; x_wconf 88' lang='lat' dir='ltr'><strong>non</strong></span> <span class='ocrx_word' id='word_1_699' title='bbox 1233 4631 1558 4699; x_wconf 79' lang='lat' dir='ltr'><strong>devitamns,</strong></span> <span class='ocrx_word' id='word_1_700' title='bbox 1601 4633 1648 4688; x_wconf 87' lang='lat' dir='ltr'><strong>si</strong></span> <span class='ocrx_word' id='word_1_701' title='bbox 1693 4648 1885 4688; x_wconf 86' lang='lat' dir='ltr'><strong>eorum</strong></span> <span class='ocrx_word' id='word_1_702' title='bbox 1937 4624 2133 4690; x_wconf 85' lang='lat' dir='ltr'><strong>missas</strong></span> 
     </span>
    </p>
   </div>
   <div class='ocr_carea' id='block_1_94' title="bbox 561 4717 2133 4784">
    <p class='ocr_par' dir='ltr' id='par_1_94' title="bbox 561 4717 2133 4784">
     <span class='ocr_line' id='line_1_94' title="bbox 561 4717 2133 4784; baseline 0.003 -13"><span class='ocrx_word' id='word_1_703' title='bbox 561 4717 868 4784; x_wconf 78' lang='lat' dir='ltr'><strong>audiamus,</strong></span> <span class='ocrx_word' id='word_1_704' title='bbox 894 4719 974 4772; x_wconf 90' lang='lat' dir='ltr'><strong>vel</strong></span> <span class='ocrx_word' id='word_1_705' title='bbox 988 4733 1113 4774; x_wconf 88' lang='lat' dir='ltr'><strong>cum</strong></span> <span class='ocrx_word' id='word_1_706' title='bbox 1135 4718 1214 4774; x_wconf 89' lang='lat' dir='ltr'><strong>eis</strong></span> <span class='ocrx_word' id='word_1_707' title='bbox 1247 4734 1489 4784; x_wconf 89' lang='lat' dir='ltr'><strong>oramus,</strong></span> <span class='ocrx_word' id='word_1_708' title='bbox 1511 4720 2133 4776; x_wconf 78' lang='lat' dir='ltr'><strong>excommunicationem</strong></span> 
     </span>
    </p>
   </div>
   <div class='ocr_carea' id='block_1_95' title="bbox 487 4809 2136 4881">
    <p class='ocr_par' dir='ltr' id='par_1_95' title="bbox 487 4809 2136 4881">
     <span class='ocr_line' id='line_1_95' title="bbox 487 4809 2136 4881; baseline 0.004 -20"><span class='ocrx_word' id='word_1_709' title='bbox 487 4835 494 4840; x_wconf 95' lang='lat'><strong>-</strong></span> <span class='ocrx_word' id='word_1_710' title='bbox 561 4823 689 4862; x_wconf 86' lang='lat' dir='ltr'><strong>cum</strong></span> <span class='ocrx_word' id='word_1_711' title='bbox 729 4809 810 4864; x_wconf 90' lang='lat' dir='ltr'><strong>eis</strong></span> <span class='ocrx_word' id='word_1_712' title='bbox 856 4809 1125 4868; x_wconf 85' lang='lat' dir='ltr'><strong>subimus.</strong></span> <span class='ocrx_word' id='word_1_713' title='bbox 1179 4809 1330 4877; x_wconf 83' lang='lat' dir='ltr'><strong>Quos</strong></span> <span class='ocrx_word' id='word_1_714' title='bbox 1378 4811 1598 4881; x_wconf 88' lang='lat' dir='ltr'><strong>quidem</strong></span> <span class='ocrx_word' id='word_1_715' title='bbox 1655 4813 1966 4868; x_wconf 88' lang='lat' dir='ltr'><strong>sacerdotes</strong></span> <span class='ocrx_word' id='word_1_716' title='bbox 2015 4828 2136 4869; x_wconf 88' lang='lat' dir='ltr'><strong>esse</strong></span> 
     </span>
    </p>
   </div>
   <div class='ocr_carea' id='block_1_96' title="bbox 563 4900 2134 4972">
    <p class='ocr_par' dir='ltr' id='par_1_96' title="bbox 563 4900 2134 4972">
     <span class='ocr_line' id='line_1_96' title="bbox 563 4900 2134 4972; baseline 0.004 -18"><span class='ocrx_word' id='word_1_717' title='bbox 563 4900 753 4954; x_wconf 90' lang='lat' dir='ltr'><strong>saltem</strong></span> <span class='ocrx_word' id='word_1_718' title='bbox 811 4901 1028 4956; x_wconf 89' lang='lat' dir='ltr'><strong>credere</strong></span> <span class='ocrx_word' id='word_1_719' title='bbox 1087 4901 1312 4957; x_wconf 88' lang='lat' dir='ltr'><strong>omnino</strong></span> <span class='ocrx_word' id='word_1_720' title='bbox 1369 4915 1553 4960; x_wconf 85' lang='lat' dir='ltr'><strong>errare</strong></span> <span class='ocrx_word' id='word_1_721' title='bbox 1595 4911 1710 4972; x_wconf 89' lang='lat' dir='ltr'><strong>est,</strong></span> <span class='ocrx_word' id='word_1_722' title='bbox 1757 4919 1882 4959; x_wconf 89' lang='lat' dir='ltr'><strong>cum</strong></span> <span class='ocrx_word' id='word_1_723' title='bbox 1939 4903 2134 4961; x_wconf 88' lang='lat' dir='ltr'><strong>Petrus</strong></span> 
     </span>
    </p>
   </div>
   <div class='ocr_carea' id='block_1_97' title="bbox 477 5009 2133 5112">
    <p class='ocr_par' dir='ltr' id='par_1_97' title="bbox 477 5009 2133 5112">
     <span class='ocr_line' id='line_1_97' title="bbox 477 5009 2133 5112; baseline 0.004 -22"><span class='ocrx_word' id='word_1_724' title='bbox 477 5021 482 5076; x_wconf 70' lang='grc' dir='ltr'>ἶ</span> <span class='ocrx_word' id='word_1_725' title='bbox 562 5009 1274 5112; x_wconf 50' lang='lat' dir='ltr'><strong>enimvirireligiosissimi</strong></span> <span class='ocrx_word' id='word_1_726' title='bbox 1312 5045 1565 5112; x_wconf 79' lang='lat' dir='ltr'><strong>asserunt</strong></span> <span class='ocrx_word' id='word_1_727' title='bbox 1607 5037 1704 5108; x_wconf 88' lang='lat' dir='ltr'><strong>qui</strong></span> <span class='ocrx_word' id='word_1_728' title='bbox 1742 5054 1810 5112; x_wconf 69' lang='lat' dir='ltr'><strong>ex</strong></span> <span class='ocrx_word' id='word_1_729' title='bbox 1850 5039 2133 5112; x_wconf 85' lang='lat' dir='ltr'><strong>discipulis</strong></span> 
     </span>
    </p>
   </div>
   <div class='ocr_carea' id='block_1_98' title="bbox 451 5102 2132 5177">
    <p class='ocr_par' dir='ltr' id='par_1_98' title="bbox 451 5102 2132 5177">
     <span class='ocr_line' id='line_1_98' title="bbox 451 5102 2132 5177; baseline 0.007 -22"><span class='ocrx_word' id='word_1_730' title='bbox 451 5171 462 5177; x_wconf 87' lang='lat'>_</span> <span class='ocrx_word' id='word_1_731' title='bbox 562 5103 811 5177; x_wconf 78' lang='lat' dir='ltr'><strong>ejusdem</strong></span> <span class='ocrx_word' id='word_1_732' title='bbox 841 5102 1248 5177; x_wconf 66' lang='lat' dir='ltr'><strong>diligentissime</strong></span> <span class='ocrx_word' id='word_1_733' title='bbox 1279 5102 1716 5177; x_wconf 67' lang='lat' dir='ltr'><strong>exploraveru&#39;ut.</strong></span> <span class='ocrx_word' id='word_1_734' title='bbox 1748 5102 2015 5165; x_wconf 75' lang='lat' dir='ltr'><strong>Przeterea</strong></span> <span class='ocrx_word' id='word_1_735' title='bbox 2045 5125 2132 5166; x_wconf 85' lang='lat' dir='ltr'><strong>ea-</strong></span> 
     </span>
    </p>
   </div>
   <div class='ocr_carea' id='block_1_99' title="bbox 563 5171 2130 5251">
    <p class='ocr_par' dir='ltr' id='par_1_99' title="bbox 563 5171 2130 5251">
     <span class='ocr_line' id='line_1_99' title="bbox 563 5171 2130 5251; baseline 0.004 -24"><span class='ocrx_word' id='word_1_736' title='bbox 563 5171 688 5228; x_wconf 85' lang='lat' dir='ltr'><strong>dem</strong></span> <span class='ocrx_word' id='word_1_737' title='bbox 711 5171 959 5251; x_wconf 55' lang='lat' dir='ltr'><strong>epistola&#39;</strong></span> <span class='ocrx_word' id='word_1_738' title='bbox 979 5171 1116 5227; x_wconf 86' lang='lat' dir='ltr'><strong>inter</strong></span> <span class='ocrx_word' id='word_1_739' title='bbox 1154 5171 1446 5251; x_wconf 54' lang='lat' dir='ltr'><strong>Beniamin</strong></span> <span class='ocrx_word' id='word_1_740' title='bbox 1486 5176 1702 5251; x_wconf 87' lang='lat' dir='ltr'><strong>Pontif._</strong></span> <span class='ocrx_word' id='word_1_741' title='bbox 1737 5179 1952 5251; x_wconf 80' lang='lat' dir='ltr'><strong>decreta</strong></span> <span class='ocrx_word' id='word_1_742' title='bbox 1993 5196 2130 5234; x_wconf 89' lang='lat' dir='ltr'><strong>nus-</strong></span> 
     </span>
    </p>
   </div>
   <div class='ocr_carea' id='block_1_100' title="bbox 564 5243 2128 5312">
    <p class='ocr_par' dir='ltr' id='par_1_100' title="bbox 564 5243 2128 5312">
     <span class='ocr_line' id='line_1_100' title="bbox 564 5243 2128 5312; baseline 0.005 -17"><span class='ocrx_word' id='word_1_743' title='bbox 564 5257 730 5312; x_wconf 88' lang='lat' dir='ltr'><strong>quam</strong></span> <span class='ocrx_word' id='word_1_744' title='bbox 759 5310 764 5312; x_wconf 97' lang='lat'>_</span> <span class='ocrx_word' id='word_1_745' title='bbox 777 5243 982 5312; x_wconf 82' lang='lat' dir='ltr'><strong>scripta</strong></span> <span class='ocrx_word' id='word_1_746' title='bbox 1022 5243 1302 5309; x_wconf 87' lang='lat' dir='ltr'><strong>reperitur.</strong></span> <span class='ocrx_word' id='word_1_747' title='bbox 1352 5245 1473 5300; x_wconf 84' lang='lat' dir='ltr'><strong>Non</strong></span> <span class='ocrx_word' id='word_1_748' title='bbox 1519 5262 1648 5312; x_wconf 77' lang='lat' dir='ltr'><strong>ergo</strong></span> <span class='ocrx_word' id='word_1_749' title='bbox 1688 5249 1847 5304; x_wconf 81' lang='lat' dir='ltr'><strong>beato</strong></span> <span class='ocrx_word' id='word_1_750' title='bbox 1898 5248 2128 5312; x_wconf 73' lang='lat' dir='ltr'><strong>August.</strong></span> 
     </span>
    </p>
   </div>
   <div class='ocr_carea' id='block_1_101' title="bbox 2235 4359 3808 4434">
    <p class='ocr_par' dir='ltr' id='par_1_101' title="bbox 2235 4359 3808 4434">
     <span class='ocr_line' id='line_1_101' title="bbox 2235 4359 3808 4434; baseline -0.003 -17"><span class='ocrx_word' id='word_1_751' title='bbox 2235 4363 2474 4434; x_wconf 89' lang='lat' dir='ltr'><strong>provecti</strong></span> <span class='ocrx_word' id='word_1_752' title='bbox 2498 4361 2735 4418; x_wconf 83' lang='lat' dir='ltr'><strong>fuerant.</strong></span> <span class='ocrx_word' id='word_1_753' title='bbox 2761 4359 2822 4416; x_wconf 91' lang='lat' dir='ltr'><strong>Si</strong></span> <span class='ocrx_word' id='word_1_754' title='bbox 2844 4375 2984 4432; x_wconf 89' lang='lat' dir='ltr'><strong>quos</strong></span> <span class='ocrx_word' id='word_1_755' title='bbox 3009 4369 3189 4416; x_wconf 89' lang='lat' dir='ltr'><strong>tamen</strong></span> <span class='ocrx_word' id='word_1_756' title='bbox 3241 4375 3309 4416; x_wconf 78' lang='lat' dir='ltr'><strong>ex</strong></span> <span class='ocrx_word' id='word_1_757' title='bbox 3353 4360 3465 4416; x_wconf 89' lang='lat' dir='ltr'><strong>illis</strong></span> <span class='ocrx_word' id='word_1_758' title='bbox 3503 4360 3610 4416; x_wconf 91' lang='lat' dir='ltr'><strong>sub</strong></span> <span class='ocrx_word' id='word_1_759' title='bbox 3640 4359 3808 4414; x_wconf 78' lang='lat' dir='ltr'><strong>modio</strong></span> 
     </span>
    </p>
   </div>
   <div class='ocr_carea' id='block_1_102' title="bbox 2234 4450 3809 4524">
    <p class='ocr_par' dir='ltr' id='par_1_102' title="bbox 2234 4450 3809 4524">
     <span class='ocr_line' id='line_1_102' title="bbox 2234 4450 3809 4524; baseline -0.004 -16"><span class='ocrx_word' id='word_1_760' title='bbox 2234 4452 2466 4510; x_wconf 84' lang='lat' dir='ltr'><strong>latentes</strong></span> <span class='ocrx_word' id='word_1_761' title='bbox 2493 4451 2879 4509; x_wconf 87' lang='lat' dir='ltr'><strong>candelabrum</strong></span> <span class='ocrx_word' id='word_1_762' title='bbox 2923 4451 3142 4524; x_wconf 78' lang='lat' dir='ltr'><strong>(Matth.</strong></span> <span class='ocrx_word' id='word_1_763' title='bbox 3171 4450 3226 4524; x_wconf 85' lang='lat' dir='ltr'><strong>v)</strong></span> <span class='ocrx_word' id='word_1_764' title='bbox 3247 4450 3508 4507; x_wconf 71' lang='lat' dir='ltr'><strong>Ecclesiae</strong></span> <span class='ocrx_word' id='word_1_765' title='bbox 3529 4451 3634 4506; x_wconf 87' lang='lat' dir='ltr'><strong>sibi</strong></span> <span class='ocrx_word' id='word_1_766' title='bbox 3657 4454 3809 4522; x_wconf 82' lang='lat' dir='ltr'><strong>super</strong></span> 
     </span>
    </p>
   </div>
   <div class='ocr_carea' id='block_1_103' title="bbox 2221 4539 3804 4614">
    <p class='ocr_par' dir='ltr' id='par_1_103' title="bbox 2221 4539 3804 4614">
     <span class='ocr_line' id='line_1_103' title="bbox 2221 4539 3804 4614; baseline -0.002 -16"><span class='ocrx_word' id='word_1_767' title='bbox 2221 4542 2592 4614; x_wconf 87' lang='lat' dir='ltr'><strong>imponendos</strong></span> <span class='ocrx_word' id='word_1_768' title='bbox 2623 4539 2806 4613; x_wconf 67' lang='grc'><strong>(1064)</strong></span> <span class='ocrx_word' id='word_1_769' title='bbox 2851 4550 3184 4613; x_wconf 82' lang='lat' dir='ltr'><strong>exposceret,</strong></span> <span class='ocrx_word' id='word_1_770' title='bbox 3224 4543 3326 4613; x_wconf 90' lang='lat' dir='ltr'><strong>ipsi</strong></span> <span class='ocrx_word' id='word_1_771' title='bbox 3364 4559 3396 4598; x_wconf 90' lang='lat' dir='ltr'><strong>a</strong></span> <span class='ocrx_word' id='word_1_772' title='bbox 3439 4541 3590 4596; x_wconf 81' lang='lat' dir='ltr'><strong>clero</strong></span> <span class='ocrx_word' id='word_1_773' title='bbox 3619 4549 3679 4596; x_wconf 87' lang='lat' dir='ltr'><strong>et</strong></span> <span class='ocrx_word' id='word_1_774' title='bbox 3717 4555 3804 4612; x_wconf 81' lang='lat' dir='ltr'><strong>po-</strong></span> 
     </span>
    </p>
   </div>
   <div class='ocr_carea' id='block_1_104' title="bbox 2237 4629 3808 4706">
    <p class='ocr_par' dir='ltr' id='par_1_104' title="bbox 2237 4629 3808 4706">
     <span class='ocr_line' id='line_1_104' title="bbox 2237 4629 3808 4706; baseline -0.004 -16"><span class='ocrx_word' id='word_1_775' title='bbox 2237 4635 2365 4706; x_wconf 89' lang='lat' dir='ltr'><strong>pulo</strong></span> <span class='ocrx_word' id='word_1_776' title='bbox 2386 4634 2582 4690; x_wconf 87' lang='lat' dir='ltr'><strong>iterum</strong></span> <span class='ocrx_word' id='word_1_777' title='bbox 2608 4633 2785 4702; x_wconf 88' lang='lat' dir='ltr'><strong>electi,</strong></span> <span class='ocrx_word' id='word_1_778' title='bbox 2827 4634 3022 4690; x_wconf 88' lang='lat' dir='ltr'><strong>iterum</strong></span> <span class='ocrx_word' id='word_1_779' title='bbox 3050 4633 3208 4704; x_wconf 88' lang='lat' dir='ltr'><strong>quasi</strong></span> <span class='ocrx_word' id='word_1_780' title='bbox 3254 4648 3364 4688; x_wconf 92' lang='lat' dir='ltr'><strong>non</strong></span> <span class='ocrx_word' id='word_1_781' title='bbox 3405 4641 3570 4687; x_wconf 87' lang='lat' dir='ltr'><strong>antea</strong></span> <span class='ocrx_word' id='word_1_782' title='bbox 3597 4645 3631 4686; x_wconf 89' lang='lat' dir='ltr'><strong>a</strong></span> <span class='ocrx_word' id='word_1_783' title='bbox 3672 4629 3808 4686; x_wconf 86' lang='lat' dir='ltr'><strong>Con-</strong></span> 
     </span>
    </p>
   </div>
   <div class='ocr_carea' id='block_1_105' title="bbox 2235 4719 3804 4799">
    <p class='ocr_par' dir='ltr' id='par_1_105' title="bbox 2235 4719 3804 4799">
     <span class='ocr_line' id='line_1_105' title="bbox 2235 4719 3804 4799; baseline -0.005 -15"><span class='ocrx_word' id='word_1_784' title='bbox 2235 4727 2478 4784; x_wconf 88' lang='lat' dir='ltr'><strong>stantino</strong></span> <span class='ocrx_word' id='word_1_785' title='bbox 2529 4743 2668 4799; x_wconf 91' lang='lat' dir='ltr'><strong>papa</strong></span> <span class='ocrx_word' id='word_1_786' title='bbox 2715 4725 3057 4794; x_wconf 88' lang='lat' dir='ltr'><strong>consecrati,</strong></span> <span class='ocrx_word' id='word_1_787' title='bbox 3111 4725 3421 4798; x_wconf 87' lang='lat' dir='ltr'><strong>depositum</strong></span> <span class='ocrx_word' id='word_1_788' title='bbox 3474 4719 3732 4791; x_wconf 82' lang='lat' dir='ltr'><strong>tantum,</strong></span> <span class='ocrx_word' id='word_1_789' title='bbox 3759 4730 3804 4776; x_wconf 87' lang='lat' dir='ltr'><strong>et</strong></span> 
     </span>
    </p>
   </div>
   <div class='ocr_carea' id='block_1_106' title="bbox 2236 4813 3802 4888">
    <p class='ocr_par' dir='ltr' id='par_1_106' title="bbox 2236 4813 3802 4888">
     <span class='ocr_line' id='line_1_106' title="bbox 2236 4813 3802 4888; baseline -0.005 -16"><span class='ocrx_word' id='word_1_790' title='bbox 2236 4832 2516 4888; x_wconf 89' lang='lat' dir='ltr'><strong>nunquam</strong></span> <span class='ocrx_word' id='word_1_791' title='bbox 2545 4816 2792 4872; x_wconf 87' lang='lat' dir='ltr'><strong>altiorem</strong></span> <span class='ocrx_word' id='word_1_792' title='bbox 2837 4823 3116 4872; x_wconf 88' lang='lat' dir='ltr'><strong>merentur</strong></span> <span class='ocrx_word' id='word_1_793' title='bbox 3145 4816 3432 4871; x_wconf 86' lang='lat' dir='ltr'><strong>honorem.</strong></span> <span class='ocrx_word' id='word_1_794' title='bbox 3467 4813 3546 4870; x_wconf 91' lang='lat' dir='ltr'><strong>De</strong></span> <span class='ocrx_word' id='word_1_795' title='bbox 3580 4813 3668 4869; x_wconf 89' lang='lat' dir='ltr'><strong>his</strong></span> <span class='ocrx_word' id='word_1_796' title='bbox 3712 4826 3802 4866; x_wconf 84' lang='lat' dir='ltr'><strong>au-</strong></span> 
     </span>
    </p>
   </div>
   <div class='ocr_carea' id='block_1_107' title="bbox 2235 4901 3802 4978">
    <p class='ocr_par' dir='ltr' id='par_1_107' title="bbox 2235 4901 3802 4978">
     <span class='ocr_line' id='line_1_107' title="bbox 2235 4901 3802 4978; baseline -0.004 -17"><span class='ocrx_word' id='word_1_797' title='bbox 2235 4912 2365 4974; x_wconf 90' lang='lat' dir='ltr'><strong>tem,</strong></span> <span class='ocrx_word' id='word_1_798' title='bbox 2391 4906 2441 4962; x_wconf 88' lang='lat' dir='ltr'><strong>si</strong></span> <span class='ocrx_word' id='word_1_799' title='bbox 2469 4906 2563 4978; x_wconf 90' lang='lat' dir='ltr'><strong>qui</strong></span> <span class='ocrx_word' id='word_1_800' title='bbox 2590 4921 2688 4976; x_wconf 90' lang='lat' dir='ltr'><strong>per</strong></span> <span class='ocrx_word' id='word_1_801' title='bbox 2721 4919 2849 4962; x_wconf 89' lang='lat' dir='ltr'><strong>eum</strong></span> <span class='ocrx_word' id='word_1_802' title='bbox 2881 4905 2948 4961; x_wconf 90' lang='lat' dir='ltr'><strong>de</strong></span> <span class='ocrx_word' id='word_1_803' title='bbox 2974 4904 3131 4962; x_wconf 88' lang='lat' dir='ltr'><strong>laicis</strong></span> <span class='ocrx_word' id='word_1_804' title='bbox 3155 4905 3213 4960; x_wconf 92' lang='lat' dir='ltr'><strong>in</strong></span> <span class='ocrx_word' id='word_1_805' title='bbox 3239 4905 3680 4978; x_wconf 71' lang='lat' dir='ltr'><strong>presbyteratum</strong></span> <span class='ocrx_word' id='word_1_806' title='bbox 3701 4901 3802 4957; x_wconf 85' lang='lat' dir='ltr'><strong>sive</strong></span> 
     </span>
    </p>
   </div>
   <div class='ocr_carea' id='block_1_108' title="bbox 2303 5033 3796 5110">
    <p class='ocr_par' dir='ltr' id='par_1_108' title="bbox 2303 5033 3796 5110">
     <span class='ocr_line' id='line_1_108' title="bbox 2303 5033 3796 5110; baseline -0.005 -17"><span class='ocrx_word' id='word_1_807' title='bbox 2303 5037 2488 5110; x_wconf 57' lang='lat' dir='ltr'><strong>(test)</strong></span> <span class='ocrx_word' id='word_1_808' title='bbox 2509 5035 2865 5110; x_wconf 86' lang='lat' dir='ltr'><strong>Pseudopapa</strong></span> <span class='ocrx_word' id='word_1_809' title='bbox 2901 5038 2992 5094; x_wconf 91' lang='lat' dir='ltr'><strong>hic</strong></span> <span class='ocrx_word' id='word_1_810' title='bbox 3010 5037 3203 5110; x_wconf 65' lang='lat' dir='ltr'><strong>factus</strong></span> <span class='ocrx_word' id='word_1_811' title='bbox 3213 5045 3318 5104; x_wconf 89' lang='lat' dir='ltr'><strong>est,</strong></span> <span class='ocrx_word' id='word_1_812' title='bbox 3343 5035 3660 5110; x_wconf 59' lang='lat' dir='ltr'><strong>ap.Christi</strong></span> <span class='ocrx_word' id='word_1_813' title='bbox 3687 5033 3796 5110; x_wconf 69' lang='grc'><strong>76].</strong></span> 
     </span>
    </p>
   </div>
   <div class='ocr_carea' id='block_1_109' title="bbox 2237 5101 3796 5179">
    <p class='ocr_par' dir='ltr' id='par_1_109' title="bbox 2237 5101 3796 5179">
     <span class='ocr_line' id='line_1_109' title="bbox 2237 5101 3796 5179; baseline -0.004 -16"><span class='ocrx_word' id='word_1_814' title='bbox 2237 5101 2370 5179; x_wconf 80' lang='lat' dir='ltr'><strong>Vide</strong></span> <span class='ocrx_word' id='word_1_815' title='bbox 2401 5101 2631 5179; x_wconf 74' lang='lat' dir='ltr'><strong>Panvin.</strong></span> <span class='ocrx_word' id='word_1_816' title='bbox 2663 5101 2758 5179; x_wconf 74' lang='lat' dir='ltr'><strong>lib.</strong></span> <span class='ocrx_word' id='word_1_817' title='bbox 2785 5101 2852 5164; x_wconf 80' lang='lat' dir='ltr'><strong>de</strong></span> <span class='ocrx_word' id='word_1_818' title='bbox 2876 5101 3337 5179; x_wconf 71' lang='lat' dir='ltr'><strong>pontif.etCa:s.;</strong></span> <span class='ocrx_word' id='word_1_819' title='bbox 3357 5107 3520 5179; x_wconf 63' lang='lat' dir='ltr'><strong>Dan,</strong></span> <span class='ocrx_word' id='word_1_820' title='bbox 3557 5113 3692 5161; x_wconf 87' lang='lat' dir='ltr'><strong>to.</strong></span> <span class='ocrx_word' id='word_1_821' title='bbox 3716 5101 3796 5158; x_wconf 77' lang='lat' dir='ltr'><strong>IX.</strong></span> 
     </span>
    </p>
   </div>
   <div class='ocr_carea' id='block_1_110' title="bbox 2338 5176 3430 5248">
    <p class='ocr_par' dir='ltr' id='par_1_110' title="bbox 2338 5176 3430 5248">
     <span class='ocr_line' id='line_1_110' title="bbox 2338 5176 3430 5248; baseline -0.001 -17"><span class='ocrx_word' id='word_1_822' title='bbox 2338 5177 2492 5248; x_wconf 75' lang='lat' dir='ltr'><strong>l05‘2)</strong></span> <span class='ocrx_word' id='word_1_823' title='bbox 2518 5177 2666 5248; x_wconf 64' lang='lat' dir='ltr'><strong>Lege</strong></span> <span class='ocrx_word' id='word_1_824' title='bbox 2689 5176 2908 5243; x_wconf 47' lang='lat' dir='ltr'><strong>Baroni,</strong></span> <span class='ocrx_word' id='word_1_825' title='bbox 2933 5193 3079 5233; x_wconf 89' lang='lat' dir='ltr'><strong>anno</strong></span> <span class='ocrx_word' id='word_1_826' title='bbox 3101 5177 3203 5232; x_wconf 83' lang='lat'><strong>768</strong></span> <span class='ocrx_word' id='word_1_827' title='bbox 3227 5186 3282 5232; x_wconf 88' lang='lat' dir='ltr'><strong>et</strong></span> <span class='ocrx_word' id='word_1_828' title='bbox 3308 5176 3430 5232; x_wconf 78' lang='lat'><strong>769.</strong></span> 
     </span>
    </p>
   </div>
   <div class='ocr_carea' id='block_1_111' title="bbox 2331 5245 3798 5312">
    <p class='ocr_par' dir='ltr' id='par_1_111' title="bbox 2331 5245 3798 5312">
     <span class='ocr_line' id='line_1_111' title="bbox 2331 5245 3798 5312; baseline -0.003 -12"><span class='ocrx_word' id='word_1_829' title='bbox 2331 5245 2491 5312; x_wconf 72' lang='lat'><strong>{055)</strong></span> <span class='ocrx_word' id='word_1_830' title='bbox 2510 5245 2660 5302; x_wconf 62' lang='lat' dir='ltr'><strong>Istud</strong></span> <span class='ocrx_word' id='word_1_831' title='bbox 2685 5248 3000 5312; x_wconf 72' lang='lat' dir='ltr'><strong>exemplum,</strong></span> <span class='ocrx_word' id='word_1_832' title='bbox 3022 5250 3070 5303; x_wconf 80' lang='lat' dir='ltr'><strong>si</strong></span> <span class='ocrx_word' id='word_1_833' title='bbox 3101 5257 3273 5302; x_wconf 74' lang='lat' dir='ltr'><strong>tamen</strong></span> <span class='ocrx_word' id='word_1_834' title='bbox 3291 5256 3370 5300; x_wconf 74' lang='lat' dir='ltr'><strong>est</strong></span> <span class='ocrx_word' id='word_1_835' title='bbox 3395 5261 3596 5312; x_wconf 75' lang='lat' dir='ltr'><strong>verum,</strong></span> <span class='ocrx_word' id='word_1_836' title='bbox 3621 5245 3798 5298; x_wconf 74' lang='lat' dir='ltr'><strong>lauan-</strong></span> 
     </span>
    </p>
   </div>
  </div>
