3986 5312
121 226 250 281 {liii

896 260 899 263 -
1003 223 1285 279 APPEND.
1329 222 1414 277 ill.
1455 252 1526 265 -—
1558 221 1992 278 MONUMENTA
2031 222 2494 280 GREGORIANA.

3130 208 3147 221 ’
3234 222 3366 282 1109

116 339 464 396 diaconatum
494 335 714 392 fuerant
748 333 1002 405 promoti,
1032 335 1309 389 decretum
1341 342 1400 388 ut
1442 333 1684 388 almisso
1713 338 1760 395 Α
1788 332 2040 405 chesto,
2097 334 2152 388 in
2210 333 2440 405 cpistola
2478 331 2716 404 Vergilio
2759 332 3059 390 Arelatensi
3111 333 3367 408 episcopo

118 430 284 501 gradu
321 428 632 498 ubicunque
654 427 958 483 voluissent
982 427 1038 480 in
1069 426 1324 497 religioso
1354 434 1563 480 tantum
1594 424 1690 477 lia-

116 523 232 579 hitn
265 528 662 591 permanerent.
708 518 900 573 Nullus
938 518 1186 572 omnium
1239 518 1307 573 ad
1345 517 1690 586 pontiﬁcatus

118 613 325 682 apicem
347 618 790 681 promoveretur;
834 610 1018 664 nullus
1042 609 1266 664 omnino
1289 608 1536 662 altiorem
1563 624 1689 677 gra-

116 704 245 759 dum
268 713 532 773 speraret,
559 717 628 756 ne
652 701 741 755 hic
771 700 1028 755 novitatis
1067 715 1222 756 error
1247 699 1304 753 in
1326 698 1569 755 Ecclesia
1593 698 1689 754 Dei

116 794 406 849 radiearet.
448 792 674 851 Demum
700 791 969 846 sancitum
992 799 1077 846 est
1100 799 1161 845 ut
1181 805 1520 861 quaecunque
1547 789 1692 844 Con-

114 886 389 940 stantibus
416 884 635 939 invasor
675 883 732 937 in
768 883 1130 947 sacramentis
1157 882 1541 938 ecclesiasticis
1563 898 1689 952 ege-

114 985 219 1041 rat,
256 976 439 1030 omnia
470 974 815 1039 iterarentur,
844 983 905 1028 ut
936 974 991 1027 in
1014 974 1180 1044 gestis
1213 974 1531 1043 pontiﬁcum
1553 973 1689 1044 legi-

116 1064 245 1135 tur'(
259 1065 450 1135 1034),
494 1073 688 1135 praater
729 1080 948 1120 sacrum
991 1064 1282 1134 baptisma,
1305 1073 1359 1119 et
1401 1065 1690 1136 mysticum

114 1159 372 1212 chrisma.
412 1156 592 1210 Finita
643 1164 832 1210 sancta
880 1156 1089 1226 synodo
1119 1157 1300 1211 omnis
1331 1157 1566 1226 populus
1605 1156 1690 1210 sui

115 1250 342 1317 pedibus
396 1263 548 1316 papa:
616 1246 940 1310 advolvitur,
998 1246 1391 1316 indulgentiam
1442 1245 1693 1315 poposcit

112 1341 257 1410 quod
288 1354 529 1409 unquam
573 1338 934 1393 Constantino
968 1337 1205 1391 invasuri
1246 1337 1687 1393 communicavit.

112 1432 205 1485 llle
230 1431 460 1500 singulis
480 1429 855 1499 paenitentiam
881 1443 982 1497 pro
1025 1429 1129 1481 hoc
1165 1428 1406 1482 admisso
1430 1427 1687 1497 iniunxit.

114 1523 507 1592 Episcoporum
538 1522 633 1589 qui
673 1520 823 1591 digni
857 1520 1239 1584 censebantur,
1266 1519 1446 1574 denuo
1488 1535 1520 1573 a
1563 1520 1693 1575 sub—

108 1616 270 1683 jectis
298 1615 524 1676 electos,
550 1613 665 1682 ipse
685 1613 865 1667 denuo
883 1612 1223 1666 consecravit
1246 1611 1451 1683 (l055),
1496 1611 1690 1682 reliqui

113 1706 324 1761 ordinis
352 1705 563 1759 nullum
586 1704 794 1759 amisso
821 1704 1012 1774 gradui
1038 1705 1324 1759 restituere
1350 1705 1581 1760 censuit.

182 1795 337 1850 Patet
359 1804 564 1860 autem,
595 1796 837 1861 domine,
868 1811 935 1850 ex
974 1795 1300 1851 clericorum
1330 1795 1690 1851 ordinationi-

110 1887 217 1941 bus
246 1886 537 1950 ordinatis,
561 1886 876 1952 annullatis,
905 1901 973 1940 ex
1017 1886 1371 1941 ecclesiarum
1404 1900 1693 1941 consecra-

106 1975 357 2030 tionibus
400 1975 663 2039 alteratis,
693 1975 929 2030 chrisma
972 1975 1138 2030 etiam
1191 1974 1447 2045 ncophyti
1496 1989 1690 2029 conse-

108 2064 345 2119 cratoris
399 2066 762 2131 annullatum,
807 2065 914 2119 nisi
959 2066 1106 2135 quod
1161 2066 1430 2134 baptisma
1484 2080 1552 2119 ex
1600 2065 1692 2120 illo

104 2153 411 2208 chrismate
442 2155 774 2209 celebratum
801 2155 975 2209 noluit
1003 2154 1313 2225 Stephanus
1336 2170 1475 2225 papa
1504 2156 1694 2209 annul-

106 2243 244 2299 lare.
275 2243 417 2310 Quia
444 2261 547 2299 nec
593 2247 663 2300 ab
706 2247 963 2301 haretico
1002 2248 1336 2317 baptizatum
1372 2248 1499 2302 licet
1529 2248 1691 2302 reba-

108 2337 342 2403 ptizare,
373 2337 505 2391 dum
536 2346 747 2392 tantum
787 2338 1022 2407 baptizet
1066 2339 1121 2392 in
1167 2340 1388 2395 nomine
1412 2339 1608 2407 Patris,
1639 2348 1695 2395 et

108 2424 256 2492 Filii,
281 2434 337 2480 et
368 2425 606 2495 Spiritus
638 2427 834 2483 sancti.

182 2513 297 2569 liae
319 2516 484 2569 etiam
507 2518 717 2573 ratione
751 2534 874 2573 cum
901 2519 1099 2589 prioris
1122 2522 1250 2575 anni
1275 2520 1478 2593 (1036),
1505 2522 1558 2577 id
1588 2532 1690 2590 est,

110 2605 181 2659 ab
218 2603 605 2661 incarnatione
630 2605 846 2662 Domini
872 2608 1029 2675 1075,
1060 2609 1270 2666 Pascha
1301 2627 1396 2666 rex
1419 2612 1563 2681 apud
1591 2611 1694 2667 Ba-

110 2700 382 2755 binberch
437 2702 756 2769 celebraret,
815 2701 1099 2758 Leimarus
1149 2703 1460 2760 Bremensis
1516 2704 1696 2759 archi-

110 2790 410 2861 episcopus
446 2792 622 2846 noluit
650 2793 707 2847 in
755 2792 1080 2862 baptizando
1102 2792 1183 2847 uti
1207 2793 1524 2858 chrismate,
1549 2793 1698 2863 quod

112 2880 426 2935 confectum
454 2880 739 2935 videbatur
760 2882 829 2935 ab
861 2880 1195 2936 Herimanno
1236 2881 1418 2952 (1057)
1446 2890 1578 2939 tunc
1620 2882 1697 2938 ibi

1792 425 1962 480 missa
1996 444 2008 480 :
2038 445 2059 497 ς
2096 424 2233 480 Cum
2268 426 2335 480 ad
2374 440 2563 481 sacros
2593 425 2812 481 ordines
2849 424 3051 481 Paulus
3085 428 3366 497 apostolus

1792 515 2124 586 necphytum
2150 515 2336 570 venire
2365 514 2649 586 prohibeat
2684 513 2736 584 (Ι
2773 514 2908 569 Tim.
2938 514 3043 586 ιιι),
3083 517 3367 573 sciendum

1791 612 1877 661 est
1900 606 2057 661 nobis
2078 605 2209 677 quia
2228 605 2371 660 sicut
2404 614 2533 660 tunc
2581 606 2882 677 neophytus
2923 607 3238 673 vocabatur,
3269 608 3366 679 qui

1753 724 1757 728 -
1793 694 1971 749 adhuc
2005 710 2143 749 nove
2171 703 2291 748 erat
2317 695 2592 764 plantatus
2646 695 2701 749 in
2750 694 2872 759 ﬁde,
2918 694 2992 748 ita
3038 710 3185 751 nunc
3227 696 3366 751 inter

1791 785 2094 856 neophytos
2122 786 2448 855 deputamus
2474 785 2566 855 qui
2602 785 2779 840 adhuc
2821 801 2996 843 novus
3029 785 3210 841 est~iu
3240 800 3367 841 san-

1793 883 1879 929 cta
1911 876 2347 931 conversatione.
2393 894 2411 926 ι
2606 865 2613 871 ’

1866 964 2112 1019 Scribam
2142 973 2195 1019 et
2219 964 2395 1019 adhuc
2415 963 2479 1019 de
2507 964 2673 1034 gestis
2711 964 3026 1034 pontiﬁcum
3074 965 3366 1021 concilium

1792 1066 1944 1123 papa:
1969 1051 2035 1105 de
2058 1050 2509 1120 annullatis,qua:
2522 1048 2631 1104 Leo
2656 1050 2962 1120 necphytus
2986 1056 3365 1121 usurpaverat.

1794 1141 2171 1196 sacramentis.

1795 1316 1799 1321 ,
1865 1253 2048 1325 (1058)
2084 1252 2245 1307 Anno
2283 1250 2579 1307 Dominicae
2627 1249 3024 1325 incarnationis
3050 1252 3176 1319 944,
3208 1252 3371 1309 tertio

1794 1353 1975 1399 autem
1997 1360 2063 1399 ex
2085 1359 2197 1414 quo
2230 1341 2359 1398 Otto
2384 1346 2590 1413 imper.
2625 1340 2841 1396 llenrici
2866 1342 3011 1412 regis
3032 1342 3197 1409 ﬁlius,
3216 1357 3373 1417 com-

1792 1450 1981 1505 pressa
2010 1432 2311 1504 Beringarii
2357 1440 2411 1486 et
2431 1431 2551 1500 ejus
2577 1431 2672 1484 ﬁlii
2686 1429 3216 1502 tyrannide-italiam
3238 1430 3370 1486 sub-

1788 1525 2095 1595 jugaverat,
2141 1522 2380 1578 Joannes
2420 1538 2558 1593 papa
2592 1522 2661 1577 ab
2702 1523 2832 1593 imp.
2878 1538 3041 1592 quem
3083 1539 3209 1579 cum
3234 1539 3370 1579 con-

1724 1663 1767 1717 B
1788 1615 1939 1687 juge,
1970 1622 2024 1669 et
2044 1612 2341 1669 Adelhaida
2366 1611 2535 1683 priori
2561 1626 2707 1666 anno
2742 1611 2924 1682 (1059)
2962 1611 3238 1682 imperiali
3268 1627 3373 1666 un-

1792 1708 1972 1762 ctione
1994 1705 2324 1772 sublimavit,
2345 1704 2623 1770 deﬁciens,
2646 1703 2994 1759 Adelbertum
3024 1704 3158 1775 reip.
3189 1704 3374 1760 adver-

1793 1799 1999 1853 sarium
2034 1797 2089 1853 in
2124 1798 2314 1852 urbem
2349 1796 2569 1865 recepit.
2608 1793 2766 1861 Quod
2800 1809 2907 1850 non
2954 1810 3219 1866 passurus
3262 1794 3373 1849 im-

1791 1898 2008 1959 perator
2031 1888 2261 1943 Romam
2293 1886 2562 1942 hostiliter
2586 1884 2810 1939 invadit.
2851 1883 2999 1954 Papa
3030 1884 3161 1939 hinc
3194 1884 3370 1955 impe-

1793 1988 2028 2034 ratorem
2052 1978 2271 2044 timens,
2318 1977 2469 2032 illinc
2509 1974 2772 2045 Romanis
2809 1973 3056 2030 diﬁidens
3084 1991 3228 2049 cum
3267 1989 3370 2037 suo

1793 2070 2055 2140 complice
2082 2067 2371 2124 Adelbcrto
2392 2065 2622 2138 aufugit,
2650 2073 2912 2135 usurpato
2939 2065 3044 2119 sibi
3068 2080 3177 2120 non
3202 2078 3373 2136 parvo

1791 2160 2049 2217 Ecclesia
2090 2160 2365 2215 thesauro.
2412 2157 2668 2224 Romani,
2713 2156 2828 2213 sive
2874 2156 3071 2212 timore
3114 2156 3371 2228 correpti,

1793 2253 1908 2313 sive
1936 2261 2185 2322 respectu
2208 2251 2351 2321 juris
2379 2250 2576 2318 allecti,
2602 2249 2884 2305 dominum
2923 2264 3086 2305 suum
3128 2248 3371 2320 gratula-

1793 2343 1932 2399 torie
1960 2342 2250 2413 recipiunt.
2294 2340 2593 2412 Imperator
2642 2339 2962 2411 apostolico,
3012 2339 3083 2394 ad
3113 2338 3374 2395 determi-

1793 2434 1994 2499 nanda,
2041 2449 2165 2503 quae
2218 2440 2349 2487 tunc
2401 2430 2761 2485 imminebant
2822 2429 3059 2499 negotia,
3101 2428 3372 2498 indigens,

1793 2525 2058 2582 Joannem
2105 2540 2299 2596 papam
2336 2523 2405 2578 ad
2427 2523 2724 2580 desolatam
2749 2523 2834 2579 sui
2866 2521 3050 2576 sedem
3076 2518 3369 2575 revocavit.

1794 2600 1916 2687 Quo
1940 2618 2139 2673 reverti
2161 2625 2410 2689 negante,
2430 2613 2538 2670 Leo
2559 2615 2738 2669 adhuc
2768 2613 2943 2669 laicus
2965 2611 3175 2683 (1040),
3196 2624 3373 2681 quan-

1796 2717 1912 2764 tum
1939 2710 2006 2764 ad
2034 2708 2312 2764 saecularia
2343 2721 2452 2761 non
2480 2720 2675 2775 parum
2719 2712 2998 2785 strenuus,
3039 2717 3179 2773 papa
3217 2700 3373 2772 eligi-

1796 2809 1906 2866 tur,
1933 2796 2235 2855 ordinatur.
2271 2797 2544 2868 Synodus,
2589 2802 2856 2865 prasente
2906 2793 3039 2864 imp.
3090 2801 3146 2848 et
3184 2791 3374 2851 multis

1798 2890 2110 2947 Teutonicis
2139 2898 2193 2945 et
2229 2887 2430 2943 Italicis
2458 2883 2802 2957 praesulibus,
2826 2885 3151 2941 celebratur.
3181 2882 3372 2951 Multa,

111 2969 396 3038 episcopo,
427 2984 553 3024 cum
583 2970 747 3025 sciret
774 2971 923 3025 hune
955 2969 1350 3037 Simoniacum,
1391 2970 1519 3027 licet
1558 2986 1697 3027 non-

1796 2997 1919 3053 qua:
1963 2981 2050 3035 vel
2091 2979 2462 3037 ecclesiastica
2508 2977 2829 3046 necessitas,
2884 2976 2969 3032 vel
3024 2974 3375 3046 imperatoria

113 3059 246 3114 dum
271 3060 607 3127 convictum,
630 3060 999 3116 ecclesiastica
1042 3061 1100 3115 in
1135 3062 1241 3115 hoc
1286 3076 1420 3117 usus
1461 3061 1693 3117 ratione.

112 3149 256 3217 Quia
307 3150 600 3220 baptisma,
655 3153 803 3221 quod
862 3168 971 3207 non
1022 3153 1359 3221 annullatur,
1403 3161 1697 3223 postquam

114 3239 323 3295 factum
345 3248 431 3295 est
449 3242 519 3294 ab
540 3225 814 3307 haeretico,
847 3257 955 3295 non
978 3251 1161 3297 tamen
1183 3253 1243 3297 ut
1263 3242 1379 3309 ﬁat,
1401 3244 1700 3298 conceden-

114 3333 249 3384 dum
275 3338 363 3384 est
384 3331 661 3397 lueretico,
696 3348 820 3386 cum
851 3332 998 3386 aliud
1019 3333 1110 3399 sit,
1130 3349 1266 3402 rem,
1288 3344 1578 3406 postquam
1612 3333 1696 3389 fa-

113 3430 203 3475 cta
233 3431 340 3485 est,
376 3437 486 3476 non
508 3422 866 3492 improbando
900 3423 1164 3492 tolerare,
1188 3424 1356 3491 aliud,
1381 3439 1455 3478 ne
1494 3424 1699 3494 impro-

112 3513 235 3567 bari
263 3521 496 3580 metuat,
536 3513 848 3583 praevidere.
890 3511 1042 3570 Scire
1084 3521 1266 3577 autem
1320 3523 1534 3584 oportet
1576 3515 1700 3570 illos

113 3620 229 3659 non
254 3613 469 3659 tantum
498 3606 819 3677 neophytos,
840 3607 933 3676 qui
961 3607 1028 3662 de
1055 3606 1211 3662 laicis
1234 3607 1415 3662 subito
1442 3607 1510 3661 ad
1528 3607 1699 3663 eccle-

115 3693 379 3748 siasticas
427 3703 817 3763 promoventur
870 3695 1183 3767 dignitates,
1231 3705 1292 3750 ut
1340 3696 1492 3751 illum
1537 3711 1699 3766 quem

115 3793 302 3838 vester
338 3783 704 3839 ﬂerimannus
729 3784 793 3839 de
819 3801 927 3840 una
955 3795 1009 3841 et
1037 3787 1227 3842 eadem
1260 3787 1348 3841 die
1376 3788 1441 3842 de
1463 3788 1700 3849 ceriaria

116 3876 503 3945 presbyterum
540 3874 852 3929 maturavit.
882 3873 1053 3942 Quem
1078 3876 1191 3945 ipse
1226 3877 1408 3932 subito
1452 3878 1518 3932 de
1572 3879 1698 3947 pila,

116 3965 171 4017 in
192 3980 306 4034 qua
343 3950 574 4020 cortices
616 3967 954 4033 contuderat,
978 3966 1045 4021 ad
1085 3969 1255 4022 altare
1291 3966 1495 4023 Christi
1526 3977 1704 4023 trans-

117 4054 284 4108 tulit:
317 4052 367 4107 Ο
393 4053 648 4110 festinata
670 4054 979 4133 promotio!
1026 4055 1113 4110 Fit
1160 4057 1445 4124 diaconus,
1484 4058 1578 4129 qui
1621 4059 1702 4113 le-

114 4146 362 4199 ctionem
386 4145 543 4215 prius
572 4146 629 4200 in
669 4146 1031 4202 celebratione
1081 4147 1263 4203 missae
1313 4163 1422 4201 non
1470 4150 1700 4221 legerat;

1798 3073 2056 3144 poscebat
2094 3073 2368 3137 voluntas,
2414 3069 2798 3125 decernuntur.
2859 3066 2950 3123 Sic
2987 3067 3224 3124 domnus
3263 3064 3377 3131 Leo

1798 3164 2096 3236 praesidens
2114 3162 2426 3234 apostolicae
2452 3160 2568 3217 sedi
2599 3160 2727 3216 fecit
2743 3159 2963 3214 interim
2982 3158 3374 3230 ordinationes,

1798 3264 1853 3310 et
1880 3255 2084 3321 omnia,
2107 3268 2229 3323 quae
2253 3258 2410 3308 erant
2451 3251 2756 3321 apostolici.
2785 3247 2895 3305 Nec
2916 3250 3138 3320 longum
3166 3246 3376 3320 (1041),

1801 3346 2031 3400 Romani
2074 3345 2304 3400 alterata
2347 3343 2454 3399 ﬁde
2499 3343 2642 3413 apud
2690 3343 2819 3413 imp.
2866 3358 3066 3412 papam
3108 3341 3380 3413 recipiunt

1796 3435 2083 3491 Joannem.
2122 3433 2234 3501 llle,
2264 3442 2591 3504 congregato
2620 3432 2807 3488 Romae
2850 3433 2906 3487 in
2932 3432 3159 3488 ecclesia
3190 3431 3379 3495 Sancti

1799 3526 1944 3581 Petri
1988 3526 2240 3592 concilio,
2298 3525 2556 3592 Leonem,
2601 3526 2696 3595 qui
2745 3525 2848 3580 sibi
2897 3525 3020 3579 vivo
3070 3525 3380 3596 neophytus

1801 3617 2086 3682 successit,
2111 3617 2261 3673 omni
2293 3615 2667 3672 ecclesiastico
2695 3615 2886 3671 ordine
2921 3625 3167 3681 exutum,
3204 3616 3279 3669 ita
3311 3629 3382 3670 ex

1801 3707 2018 3763 statutis
2038 3722 2312 3761 canonum
2337 3705 2618 3762 damnavit
2639 3715 2719 3773 ut,
2748 3704 2795 3760 si
2818 3706 3167 3774 postmodum
3188 3704 3257 3760 ad
3278 3705 3382 3758 ali-

1802 3810 1963 3868 quem
2003 3797 2308 3852 elericalem
2357 3796 2585 3867 gradum
2637 3797 2723 3851 vel
2777 3797 3073 3866 aspiraret,
3116 3804 3379 3875 perpetuo

1803 3887 2136 3943 anathemati
2164 3903 2291 3943 cum
2319 3887 2578 3943 omnibus
2622 3887 2727 3943 sibi
2775 3888 2843 3942 ad
2885 3888 2938 3943 id
2984 3888 3376 3957 opitulantjbus
3412 3950 3417 3957 ,

1805 3978 2127 4047 subjaceret.
2163 3976 2558 4047 Episcoporum
2588 3977 2747 4043 duos,
2786 3978 2878 4046 qui
2919 3993 3045 4033 eum
3092 3966 3381 4048 promoch-

1804 4074 1948 4131 rant,
1981 4066 2036 4120 in
2065 4066 2332 4137 synodum
2351 4075 2574 4121 vocatos
2606 4074 2661 4121 et
2706 4067 2762 4121 in
2793 4069 2947 4121 tertia
2993 4068 3206 4123 actione
3239 4085 3380 4138 prm-

1807 4168 2069 4227 sentatos,
2111 4160 2187 4214 ita
2220 4175 2286 4215 ex
2334 4158 2661 4215 auctoritate
2686 4161 3006 4230 apostolica
3055 4162 3382 4229 sacerdotali

114 4238 403 4304 sacerdos,
431 4237 524 4307 (Ιιιί
551 4244 679 4293 ιιιΠο
714 4239 953 4309 Primum
996 4238 1180 4294 LCVita
1207 4258 1222 4306 ς
1271 4240 1511 4310 suscepit
1539 4241 1703 4297 Simili
1807 4251 2039 4321 privavit
2058 4253 2264 4307 honore
2282 4260 2344 4307 ut
2364 4251 2709 4322 postmodum
2735 4252 2791 4306 in
2821 4252 2969 4308 nulla
2996 4253 3204 4325 synodo
3230 4270 3383 4319 recu-

114 4343 317 4384 omnes
345 4329 747 4385 ecclesiasticos
770 4331 992 4402 gradus,
1022 4333 1117 4401 qui
1166 4333 1377 4402 largum
1411 4340 1466 4387 et
1507 4349 1704 4404 cogen-

1803 4344 2098 4413 perationis
2123 4343 2328 4399 aditum
2350 4343 2613 4405 auderent
2640 4345 2725 4400 vel
2758 4343 3259 4413 tentare.,Tertium
3283 4362 3384 4407 au.-

114 4425 230 4471 tem
269 4432 601 4502 consecrare
641 4420 1107 4475 consecrationem
1139 4421 1329 4476 eadem
1367 4422 1453 4477 die
1484 4433 1705 4479 venerat
1746 4444 1747 4447 η
1806 4440 1914 4487 tem
1934 4448 1997 4488 ex
2022 4433 2108 4488 his
2134 4435 2356 4489 nomine
2397 4431 2651 4489 Siconem
2677 4428 2942 4492 uanonice
2980 4443 3259 4506 vocatum,
3287 4453 3385 4493 ex-

96 4506 213 4578 υἱ,
235 4509 492 4583 emerat],
524 4526 626 4566 nec
648 4525 847 4565 corona
872 4511 1133 4587 signatus.
1167 4511 1459 4568 Sciendum
1490 4521 1593 4581 est,
1622 4513 1707 4569 in—
1804 4532 2127 4593 spectatum,
2173 4526 2394 4582 demum
2443 4525 2629 4582 venire
2678 4528 2976 4594 nolentem,
3012 4527 3393 4599 ecclesiastica

116 4615 311 4669 quam,
342 4617 455 4657 non
484 4602 663 4657 solum
694 4602 1004 4672 hujusmodi
1028 4603 1228 4669 vocari,
1258 4613 1449 4661 etesse
1468 4606 1707 4677 neophy-
1807 4615 2039 4685 privavit
2057 4618 2464 4673 communione.
2495 4616 2879 4690 Statutumque
2903 4628 2987 4675 est
3015 4619 3249 4692 publico
3276 4635 3399 4680 om-

118 4700 229 4758 ιοε,
268 4694 365 4748 86d
395 4694 574 4777 magis
600 4692 743 4760 ίηοδ,
776 4693 869 4764 qui
907 4694 1149 4753 moribus
1174 4692 1459 4763 informes.
1490 4697 1709 4768 relisio-
1808 4708 1963 4762 nium
1977 4707 2185 4777 judicio
2205 4709 2471 4781 synodum
2494 4724 2525 4763 a
2549 4707 2733 4765 Leone
2753 4710 3037 4767 collectam
3061 4724 3170 4767 nec
3216 4709 3418 4778 nomir

119 4797 192 4834 ne
229 4785 419 4851 rudes,
457 4784 911 4869 scientia‘rustici
941 4802 954 4851 ;
1003 4787 1187 4855 plures
1230 4788 1573 4865 renascentis
1609 4788 1707 4858 hy-
1806 4799 2047 4859 nandum
2069 4799 2358 4869 synodum,
2382 4800 2477 4855 sed
2505 4801 2871 4869 prostibulum
2892 4801 3080 4858 favens
3103 4802 3433 4873 αάιηωι-ἱε.

120 4874 236 4930 diae
259 4878 533 4947 capitibus
558 4890 704 4931 nunc
727 4884 1031 4967 emergunt,
1067 4884 1121 4931 et
1152 4891 1247 4967 per
1285 4878 1388 4933 hoc
1429 4894 1487 4935 se
1514 4894 1706 4948 perpe-
1809 4886 1953 4961 Ergo
1982 4888 2166 4943 omnia
2191 4890 2431 4959 ρηεαίοιί
2469 4889 2668 4946 Leonis
2705 4893 2924 4949 dea-em
2964 4908 3346 4967 casnn‘uﬁ
3396 4892 3456 4942 et

123 4971 219 5019 tuo
253 4968 604 5023 anathemate
630 4966 923 5036 perimunt.
975 4965 1115 5022 Audi
1142 4964 1462 5037 Gregorium
1505 4969 1562 5022 in
1607 4984 1707 5024 suo
1809 4981 2126 5049 quicunque
2150 4981 2303 5036 abeo
2328 4988 2485 5036 erant
2505 4985 2814 5039 consecrati
2836 4984 2979 5055 iussi
3002 4990 3136 5039 sunt
3167 4964 3460 5058 patieris

3478 5086 3507 5097 ..ι

190 5128 376 5198 (1054)
407 5126 557 5198 Lege
590 5124 912 5188 Baronium,
940 5130 1072 5198 tom.
1104 5121 1196 5189 IX,
1222 5138 1376 5198 annui
1402 5123 1525 5189 769,
1548 5131 1602 5177 ει
1634 5123 1710 5179 vi-

115 5194 271 5254 dehis
293 5194 367 5253 ab
383 5194 516 5252 hoc'
537 5203 761 5249 auctore
793 5206 904 5263 non
947 5195 1081 5249 satis
1122 5209 1185 5247 ea
1235 5194 1504 5251 intellecta
1530 5234 1545 5261 ,
1584 5209 1707 5263 qua:

115 5268 170 5312 in
198 5269 526 5312 nontiﬁmim
553 5263 791 5312 Historia
824 5261 927 5312 hac
950 5263 1016 5312 de
1037 5277 1097 5312 re
1127 5263 1395 5312 locuntur-

1806 5135 2019 5224 ειενξσξε
2052 5134 2164 5189 suis
2194 5152 2287 5206 pro
2313 5135 2618 5192 Simouiaca
2646 5138 2839 5195 Incensi
2865 5149 3180 5210 accusatus,
3233 5176 3296 5216 α
3321 5144 3471 5224 pa?“

1807 5206 2055 5277 deponitu
2064 5220 2131 5277 r._
2492 5226 2499 5233 ·
2546 5248 2551 5254 .
2670 5250 2675 5253 ,

1880 5269 2065 5312 Πηκςυ
2092 5272 2258 5312 Πιερίην
2297 5277 2351 5312 in
2402 5290 2653 5312 numam-ao
2688 5277 2822 5312 νειιη
2863 5280 3040 5312 ηιηηηη
3129 5288 3255 5312 οη-.
3389 5269 3467 5312 ἵ-
