3986 5312
606 268 755 335 ἶΙσΞ
832 300 847 313 ·

1588 269 1678 326 ΑΙ)
1710 267 1938 326 OPERA
1979 266 2038 322 s.
2078 250 2402 323 canobon
2439 262 2883 323 accusemus.

3736 257 3874 314 “£4

596 369 821 434 Vestiri,
851 376 905 425 et
930 382 1086 425 suam
1110 367 1351 437 ipsorum
1373 363 1827 433 proscriptionem
1857 367 2186 433 prasentare
2214 360 2261 417 A
2287 356 2629 425 innocentiae,
2652 366 2788 412 teste
2819 371 2896 421 se,
2935 352 3240 409 absolutum
3270 351 3370 407 sibi
3394 349 3752 423 polliceatur,
3778 367 3879 406 an-

586 458 662 517 δίη
686 452 895 526 cba'rta,
923 460 1040 514 hac
1081 459 1246 513 verba
1298 455 1596 511 continenti
1622 472 1635 508 :
1666 453 1833 507 Pater
1864 468 2007 507 meus
2047 448 2182 504 nihil

604 554 711 608 sibi
740 551 944 616 habuit,
983 548 1118 603 nihil
1147 548 1279 602 mihi
1298 546 1462 600 dedit.
1501 544 1568 600 Et
1598 544 1678 600 sic
1709 541 1941 613 depositi
1967 556 2183 597 reman-
2212 618 2215 619 ν

604 650 795 701 terunt
849 640 905 695 in
942 640 1050 694 illis
1094 638 1351 709 gradibus
1379 651 1518 706 quos
1553 635 1857 693 habuerant
1891 642 2181 702 antequam

605 747 640 788 ι
662 732 845 789 Leone
872 730 1108 802 promoti
1128 727 1364 793 fuerant,
1388 728 1577 783 eadem
1606 726 1838 793 ratione,
1871 728 2058 780 eadem
2084 740 2184 778 au-

582 824 858 879 ‘rtoritate
890 837 998 892 qua
1032 830 1088 877 et
1121 820 1196 874 illi
1219 834 1359 889 quos
1390 833 1556 888 supra
1577 818 1815 874 diximus
1849 832 1882 871 a
1910 816 2184 872 Constan-

601 908 721 972 tino
746 908 1047 986 neopbytos
1069 920 1371 984 promotos.

673 1004 746 1061 Ut
769 1006 933 1062 etiam
956 1005 1100 1061 scias
1126 1018 1237 1058 non
1258 1011 1471 1057 tantum
1496 1016 1528 1055 a
1557 1000 1904 1062 Simoniacis.
1922 1013 2033 1053 non
2061 1007 2184 1053 tan-

603 1104 741 1165 tum,
773 1098 919 1169 quod
959 1096 1143 1151 minus
1197 1103 1301 1161 est,
1352 1108 1383 1149 a
1422 1093 1738 1164 neophytis,
1780 1091 1876 1146 sed
1912 1092 2078 1146 etiam
2113 1090 2182 1145 ab

604 1182 726 1243 aliis
755 1189 1065 1244 inordinate
1107 1187 1375 1259 promotis
1416 1200 1526 1240 non
1563 1199 1725 1255 posse
1759 1182 1955 1239 confici
1979 1170 2181 1238 'sacra—

606 1287 786 1332 menta
811 1277 1086 1344 Ecclesiae,
1122 1277 1355 1333 referam
1392 1275 1540 1346 quod
1567 1274 1795 1344 contigit
1819 1274 1963 1342 apud
1997 1288 2185 1328 sacro-

605 1374 851 1421 Sanctam
896 1365 1488 1422 Hildenesheimenscm
1519 1362 1820 1419 Ecclesium
1857 1362 2065 1434 (1042),
2092 1364 2183 1419 cui

604 1462 705 1524 ego
745 1455 1161 1527 indignissimus
1194 1471 1342 1510 nunc
1382 1455 1591 1523 servio,
1634 1455 1682 1511 si
1725 1470 1836 1509 non
1883 1454 2180 1522 fructuose,

604 1553 787 1601 tamen
837 1547 1059 1614 devote;
1115 1546 1161 1601 si
1207 1562 1314 1600 non
1352 1546 1581 1612 utiliter,
1620 1554 1800 1600 tamen
1839 1544 2095 1613 ﬁdeliter;
2135 1544 2183 1602 si

604 1648 734 1702 non,
767 1644 828 1690 nt
853 1637 1043 1705 debeo,
1079 1644 1257 1691 tamen
1283 1645 1343 1691 ut
1359 1645 1570 1707 potero.

2284 447 2399 504 diat
2417 447 2691 503 decretum
2717 445 3161 518 Carthaginensis
3183 444 3397 498 concilii
3425 460 3437 496 :
3472 462 3493 494 ι
3521 441 3633 509 Qui
3655 456 3877 497 excon-

2283 537 2597 593 municatus
2631 536 2795 592 fuerit
2836 552 2944 605 pro
2968 552 3070 590 suo
3098 535 3365 607 neglectu,
3418 535 3541 591 sive
3580 535 3877 604 episcopus

2285 632 2399 688 sive
2420 632 2645 702 quilibet
2673 629 2925 695 clericus,
2947 637 3001 683 et
3024 636 3265 697 tempore
3288 625 3877 682 excommunicationi;

2285 738 2399 779 sua:
2452 731 2577 778 ante
2607 721 2935 776 audientiam
2959 718 3402 774 communionem
3434 717 3877 788 pmumpscrit,

2284 813 2400 885 ipse
2428 813 2484 868 in
2513 827 2572 867 se
2606 809 2975 866 damnationis
3011 808 3285 878 judicetur
3317 807 3620 877 protulisse
3654 814 3878 861 sentcn-

2283 903 2435 960 tiam.
2477 922 2499 956 ι
2532 902 2600 956 Et
2638 902 2769 957 illud
2806 900 3150 956 Sardicensis
3180 898 3395 954 concilii
3434 915 3448 952 :
3478 916 3505 949 ε
3541 896 3878 966 Priusquam

2283 994 2468 1050 omnia
2504 993 2796 1065 diligenter
2825 1000 2879 1048 et
2926 991 3156 1046 ﬁdeliter
3187 990 3597 1052 examinentur,
3626 1002 3755 1041 eum
3785 986 3879 1056 qui

2281 1082 2463 1137 fuerat
2505 1097 2535 1135 a
2573 1080 2961 1136 communione
3007 1087 3292 1150 separatus
3326 1086 3455 1132 ante
3497 1078 3878 1148 cognitionem

2281 1173 2465 1228 nullus
2480 1173 2640 1229 debet
2662 1187 3010 1241 praesumere,
3036 1180 3097 1225 ut
3122 1186 3248 1225 eum
3263 1169 3650 1225 communioni
3674 1167 3873 1224 societ.

2285 1263 2514 1336 (Concil.
2547 1262 2860 1319 Sardicense
2881 1263 3040 1332 xvii.)
3076 1281 3094 1313 ι

2353 1354 2535 1427 Agens
2571 1370 2674 1426 ego
2709 1355 2776 1411 de
2818 1353 3071 1426 synodis,
3109 1353 3296 1424 legens
3334 1366 3437 1423 ego
3478 1351 3634 1405 illam
3676 1349 3880 1406 Iteouts

2284 1446 2468 1518 (10M)
2491 1446 2759 1518 synodum
2775 1455 3024 1500 vocatam
3046 1458 3155 1498 non
3173 1442 3465 1514 synodum,
3483 1441 3583 1496 sed
3599 1441 3878 1510 prostibu—

2283 1536 2394 1590 lum
2410 1533 2598 1592 favens
2610 1534 3003 1601 adulteris,non
3019 1546 3244 1605 possum
3260 1545 3368 1585 non
3382 1528 3667 1585 recordari
3681 1528 3875 1599 synodi

2282 1634 2499 1692 vestra,
2528 1640 2652 1695 quae
2680 1624 2738 1678 in
2771 1622 3046 1693 praeterito
3080 1634 3225 1674 anno
3255 1618 3440 1690 (1015)
3468 1633 3499 1672 a
3538 1618 3721 1672 tribus
3748 1617 3874 1670 inil-

599 1732 609 1743 '
674 1725 857 1783 (1045i
897 1726 1013 1782 Eho
1030 1702 1330 1783 'Remensis
1356 1702 1644 1797 episcopus
1665 1742 1954 1783 assensum
1978 1726 2181 1783 Lotha~
2212 1702 2255 1759 Β
2282 1717 2427 1772 libus
2447 1732 2512 1771 ac
2535 1716 2810 1771 sexcentis
2839 1715 2980 1769 inter
3016 1712 3365 1784 presbyteros
3390 1719 3448 1765 et
3468 1710 3723 1780 reliquos
3751 1726 3876 1781 gra-

598 1814 686 1871 rio
711 1816 959 1886 praebuit,
999 1831 1124 1871 cum
1168 1828 1381 1886 patrem
1423 1831 1585 1871 suum
1626 1815 1961 1872 Ludovicum
2001 1816 2180 1888 Magni

602 1905 782 1960 Caroli
817 1906 992 1960 tilium
1016 1921 1187 1978 regno
1222 1906 1473 1976 privavit.
1496 1905 1771 1961 Ludovico
1793 1915 1973 1962 autem
1991 1922 2092 1977 ope
2112 1906 2180 1962 ii-

603 1996 800 2051 liorum
818 2013 1065 2062 suorum,
1090 1994 1306 2067 Pippini
1337 1995 1545 2053 scilicet
1568 1996 1917 2064 etLudovici,
1944 2011 2180 2067 quorum

552 2072 557 2081 ’
603 2088 754 2156 prior
781 2087 890 2142 dux
938 2086 1281 2157 Aquitaniae;
1319 2087 1457 2143 alter
1492 2087 1602 2142 dux
1635 2095 1753 2143 erat
1799 2087 2083 2158 Bajoariaa,
2125 2089 2182 2143 in

601 2186 830 2245 regnum
862 2185 1100 2246 recepto,
1135 2177 1377 2249 synodus
1411 2176 1707 2247 colligitur.
1754 2176 1870 2232 Eho
1905 2178 2183 2248 depositus

603 2263 1029 2322 llildenesbeimi
1078 2268 1366 2339 relegatur.
1418 2266 1685 2324 Defuncto
1731 2268 1928 2323 iterum
1978 2268 2182 2341 Regin-

604 2355 759 2410 berto
786 2355 1339 2413 Hildenesheimensis
1367 2356 1628 2413 Ecclesiae
1643 2358 1901 2429 episcopo
1917 2360 2181 2426 secundo,

536 2460 539 2463 '
604 2445 899 2515 imperator
925 2446 1164 2501 Ebonem
1189 2446 1543 2502 humanitatis
1569 2447 1754 2517 potius
1771 2463 1935 2517 quam
1957 2447 2186 2518 justitite

598 2547 852 2608 respectu
881 2538 1058 2594 eidem
1086 2539 1202 2594 sedi
1226 2547 1355 2594 tunc
1380 2540 1598 2601 tertium
1616 2539 1875 2611 prmfecit.
1901 2540 1995 2596 llle
2019 2542 2187 2597 miser

599 2626 1235 2698 exepiscopusEcclesiaz
1257 2639 1601 2685 sacramenta
1615 2630 1912 2701 episcopali
1925 2645 2185 2687 concessa

534 2708 535 2711 “
599 2719 846 2788 dignitati
868 2720 1097 2776 stolidus
1118 2719 1224 2775 sibi
1251 2735 1351 2790 per
1368 2720 1657 2776 duodecim
1674 2737 1849 2777 annos
1878 2722 2181 2792 usurpavit.

592 2810 723 2877 Quo
736 2812 1013 2867 hominem
1028 2820 1212 2880 exuto,
1230 2827 1516 2868 successor
1531 2813 1651 2882 ejus
1672 2812 1916 2870 Alfridus
1934 2814 2184 2881 clericos,

597 2902 836 2971 acceptis
857 2902 927 2956 ab
946 2910 1295 2957 antecessore
1318 2916 1419 2957 suo
1441 2902 1747 2971 ordinibus,
1769 2919 1835 2958 ex
1866 2904 2188 2961 auctoritate

598 2992 898 3062 apostolica
926 3034 942 3061 ,
989 3002 1236 3059 exuerat,
1284 2996 1549 3049 ecclesias
1600 2997 1785 3050 denuo
1821 2994 2183 3065 dedicaverat,

2281 1808 2407 1875 dus,
2449 1806 2858 1871 ecclesiasticis,
2910 1812 2972 1858 ut
3020 1804 3212 1870 audio,
3265 1802 3409 1871 apud
3457 1816 3563 1856 vos
3604 1802 3871 1864 collectis

2281 1913 2446 1969 quam
2482 1912 2676 1967 parum
2726 1912 2839 1951 suae
2878 1893 3203 1967 professioni
3251 1891 3559 1963 prospexit,
3604 1906 3737 1945 cum
3779 1891 3873 1944 de-

2281 1988 2449 2044 cretis
2468 1986 2698 2043 Nicaana:
2718 1985 2910 2059 synodi
2943 1985 3128 2040 nescio
3156 1999 3266 2054 qua
3300 1981 3483 2038 fronte
3513 1982 3871 2037 contradixit.

2284 2079 2344 2135 Si
2389 2078 2892 2149 circumspicientes
2942 2076 3170 2132 animati
3235 2083 3366 2131 sunt
3413 2074 3485 2130 de
3531 2072 3875 2129 circumfuso

2282 2179 2495 2226 tantum
2520 2170 2605 2225 sui
2620 2184 2848 2223 numero
2873 2169 3115 2240 legerent
3139 2166 3193 2220 in
3218 2164 3453 2221 decretis
3475 2166 3628 2220 sedis
3653 2173 3871 2235 aposto-

2281 2262 2401 2317 licae
2428 2276 2553 2332 quae
2571 2258 2802 2314 Romani
2830 2259 3031 2327 clerici,
3053 2256 3245 2312 Joanni
3267 2257 3591 2329 presbytero
3612 2258 3709 2312 sed
3731 2258 3869 2312 schi-

2284 2353 2534 2420 smatico,
2564 2351 2894 2416 direxerant,
2936 2359 3066 2405 tunc
3109 2348 3373 2419 temporis
3413 2348 3631 2420 (1046),
3656 2352 3868 2419 quando

2284 2444 2514 2516 Vigilius
2538 2459 2606 2498 ex
2640 2444 2942 2513 apostolico
2971 2444 3026 2496 in
3059 2442 3310 2498 haeresim
3345 2441 3565 2511 lapsus,
3595 2441 3865 2498 Constan-

2283 2535 2510 2607 tinopoli
2534 2535 2835 2590 tenebatur.
2873 2534 2931 2589 ln
2962 2535 3071 2601 his,
3097 2534 3344 2604 inquam,
3370 2533 3615 2589 decreLis
3658 2534 3815 2589 hodie
3834 2549 3864 2588 a

2285 2628 2529 2683 Romana
2556 2625 2795 2681 Ecclesia
2827 2626 2968 2680 inter
2985 2626 3281 2682 catholicas
3307 2626 3531 2697 regulas
3558 2626 3765 2682 habitis
3790 2627 3864 2680 leo

2284 2727 2510 2791 gerent:
2554 2738 2572 2771 ι
2599 2717 2753 2787 Quod
2782 2718 2827 2772 si
2850 2732 3041 2772 omnes
3070 2714 3400 2783 sacerdotes,
3422 2725 3480 2771 et
3509 2718 3755 2772 mundus
3777 2732 3862 2771 as-

2285 2812 2505 2880 scntiat,
2530 2810 2810 2867 damnatio
2841 2809 3241 2864 consentientes
3262 2808 3513 2874 involvit,
3530 2819 3649 2863 non
3669 2822 3863 2878 prava»-

2286 2903 2605 2959 ricationem
2636 2917 2896 2958 assensus
2918 2901 3168 2957 absolvit.
3199 2899 3320 2955 Non
3348 2901 3499 2955 enim
3528 2902 3744 2955 crimen
3768 2900 3863 2953 mi-

2290 2996 2498 3062 nuitur,
2522 2994 2615 3049 sed
2638 2992 2933 3060 accrescit;
2959 3001 3167 3060 contra,
3189 2992 3439 3063 generale
3461 2991 3524 3046 fit
3537 3008 3607 3047 ex
3639 2993 3858 3061 privato.

512 3074 520 3080 ’
596 3084 784 3140 omnia
809 3085 876 3141 de
906 3085 1267 3141 sacramentis
1304 3084 1559 3140 Ecclesiae
1587 3087 1657 3141 ab
1683 3101 1750 3141 eo
1776 3096 1949 3158 gesta,
1984 3097 2180 3157 praeter
2206 3072 2247 3130 ο
2282 3086 2397 3144 Hoc
2415 3088 2561 3143 enim
2585 3085 2849 3141 Dominus
2867 3085 3109 3139 omnium
3128 3084 3414 3153 judicavit,
3433 3085 3532 3155 qui
3554 3093 3858 3154 peccantem

598 3177 777 3231 solum
813 3176 1106 3246 baptisma,
1137 3177 1294 3246 juxta
1327 3176 1543 3231 decreta
1592 3177 1831 3246 praedicti
1860 3192 2014 3247 papae
2057 3178 2181 3233 Ste-

598 3269 766 3339 phani
820 3269 1233 3324 annihilaverat.
1294 3267 1432 3323 Ecce
1491 3284 1656 3338 quam
1682 3269 2015 3339 ,periculose
2072 3269 2179 3325 sibi

596 3368 873 3428 usurpant
898 3357 1157 3414 Ecclesia:
1188 3358 1283 3428 qui
1315 3367 1496 3413 tamen
1532 3375 1641 3413 non
1674 3360 1970 3415 conficiunt
1997 3375 2179 3415 sacta-

592 3458 805 3516 ‘inenta,
837 3464 977 3519 quos
999 3449 1382 3505 ecclesiasticae
1409 3450 1690 3520 dignitatis
1716 3460 2179 3520 prmsumptuosos

601 3549 849 3609 raptores
886 3541 1269 3611 apostolicum,
1311 3550 1369 3596 et
1412 3541 1630 3611 ligando
1671 3542 1914 3609 damnat,
1935 3551 1991 3597 et
2018 3543 2176 3598 dam-

594 3629 785 3685 nando
812 3630 943 3702 ligat
973 3632 1284 3687 anathema.

618 3724 619 3727 ‘
671 3717 1078 3777 Restaret-mibi
1092 3723 1324 3793 probare
1342 3723 1410 3779 de
1432 3723 1645 3793 publice
1656 3726 2173 3795 excommunicatis;

592 3813 695 3867 sed
741 3828 869 3869 cum
917 3822 1258 3870 sacramenta
1304 3814 1561 3873 Ecclesiae
1604 3833 1716 3873 non
1750 3818 2109 3875 conﬁciantur
2144 3834 2176 3874 a

516 3908 519 3911 λ
578 3893 1086 3973 ’νηδυωμοτίὺιιε
1105 3903 1199 3974 qui
1221 3905 1461 3959 nondum
1488 3905 1544 3960 in
1554 3906 1762 3976 judicio
1790 3916 1916 3963 sunt
1937 3923 2176 3978 praesen-

596 3995 719 4061 tati,
746 3996 871 4065 quis
898 4004 1126 4066 quaerat,
1157 3997 1283 4067 quis
1311 3998 1552 4069 ambigat
1583 3999 1652 4053 de
1677 3999 1764 4053 bis
1804 4000 1937 4069 quin
1971 4016 2005 4056 a
2041 4017 2175 4055 con-

592 4087 756 4167 cione
804 4087 1061 4143 Ecclesiae
1096 4090 1207 4144 sint
1258 4088 1512 4144 alienati?
1556 4089 1900 4144 dimembrati
1945 4092 2109 4162 igitur
2143 4107 2174 4147 a

593 4187 827 4243 corpore
869 4173 1097 4241 Christi,
1145 4175 1199 4229 id
1232 4184 1338 4242 est,
1375 4176 1613 4244 separati
1647 4176 1718 4230 ah
1750 4174 2011 4247 Ecclesia,
2042 4178 2177 4232 nihil

594 4274 855 4335 poterunt
888 4266 1033 4321 intra
1084 4266 1380 4323 Ecclesiam
1419 4268 1673 4337 operari;
1710 4270 1858 4339 quod
1896 4279 1951 4325 et
1989 4278 2047 4325 tu
2086 4287 2176 4326 ra-

588 4359 744 4414 tione
781 4367 837 4415 et
883 4359 1209 4415 auctoritate
1255 4360 1610 4415 invictissime
1652 4362 1915 4431 probasti,
1961 4363 2175 4420 dicente

596 4452 903 4525 Augustino
924 4458 1114 4506 contra
1139 4448 1489 4506 Donatistas:
1520 4470 1540 4502 ς
1573 4450 1880 4521 Quisquisa
1909 4453 2174 4507 catholica
2207 4434 2250 4489 Ῑ)

596 4541 839 4599 Ecclesia
883 4542 1048 4598 fuerit
1090 4549 1395 4613 separatus,
1428 4552 1696 4612 quantum
1731 4558 1789 4598 se
1834 4543 2176 4600 laudabiliter

594 4635 778 4689 vivere
823 4635 1115 4699 existimet,
1154 4634 1263 4689 hoc
1315 4633 1434 4688 solo
1465 4632 1669 4688 scelere
1720 4633 1863 4703 quod
1902 4648 1932 4687 a
1970 4632 2177 4690 Christi

592 4725 804 4779 unitate
840 4723 1131 4780 defunctus
1151 4733 1254 4792 est,
1279 4739 1388 4780 non
1431 4724 1595 4778 habet
1634 4723 1822 4790 vitam,
1847 4724 1942 4780 sed
1970 4725 2049 4779 ira
2081 4724 2174 4780 Dei

597 4826 781 4872 manet
803 4834 966 4888 super
988 4832 1114 4874 eum
1140 4819 1279 4889 (Col.
1317 4818 1423 4887 ni).
1472 4837 1492 4869 ι

598 4940 601 4947 -
668 4906 744 4961 Ne
765 4917 946 4962 autem
969 4910 1475 4964 excommunicatus
1504 4916 1725 4979 propter
1771 4905 2165 4981 conscientiam

673 5014 852 5085 (1052)
873 5015 1029 5071 Nota.
1063 5016 1222 5072 Venit
1250 5019 1558 5074 Bernardus
1595 5014 1914 5072 Constantia
1956 5014 2168 5073 Hildes-

598 5084 884 5156 beiminm,
924 5087 1017 5140 ubi
1066 5089 1374 5143 scholarum
1407 5087 1662 5144 Ecclesiae
1708 5086 1876 5156 illius,
1912 5093 1975 5156 ut
2015 5087 2168 5156 prius

600 5153 952 5229 gonstantiaa,
974 5158 1333 5229 magistrum,
1369 5160 1546 5229 egisse
1589 5157 1835 5229 videtur._
1857 5154 1982 5210 lude
2017 5153 2165 5212 ‘Cor-

594 5224 779 5312 {iniam
807 5224 974 5304 _venjt
1006 5235 1069 5312 ﬁt
1093 5224 1466 5312 :monasti‘cain
1493 5230 1659 5283 vitam
1696 5225 2033 5312 amplexatus
2062 5236 2163 5282 est.

2280 3177 2541 3231 mundum
2563 3174 2803 3246 generali
2828 3174 3034 3229 diluvio
3053 3172 3326 3228 interemit
3346 3172 3502 3244 (Gen.
3531 3174 3681 3241 vin).
3712 3193 3733 3224 ι
3759 3173 3859 3226 Au-

2275 3267 2454 3323 dirent
2479 3276 2534 3323 et
2556 3267 2794 3322 Leonem
2841 3266 2909 3322 ad
2946 3263 3486 3336 .Lnatolium"(epist.
3525 3265 3624 3335 55)
3664 3281 3680 3314 :
3719 3284 3738 3316 ι
3773 3263 3857 3317 Illa

2277 3360 2618 3415 Nicmnorum
2655 3374 2926 3415 canonum
2971 3374 3066 3428 per
3116 3366 3367 3412 sanctum
3410 3372 3543 3411 vere
3604 3354 3853 3427 Spiritum

2277 3453 2523 3506 ordinata
2553 3451 2813 3517 conditio,
2836 3450 2983 3504 nulla
3010 3464 3249 3519 unquam
3282 3458 3367 3502 est
3403 3459 3563 3516 parte
3594 3447 3850 3503 solubilis.

2275 3541 2433 3597 Nulla
2461 3542 2676 3597 sibimet
2707 3542 2774 3596 de
2821 3540 3273 3611 multiplicatione
3308 3539 3757 3612 congregationis
3783 3553 3854 3606 sy-

2274 3634 2491 3689 nodalia
2545 3632 2779 3689 concilia
2818 3632 3186 3688 blandiantur.
3234 3630 3421 3701 Neque
3450 3631 3720 3686 trecentis
3757 3629 3851 3683 illis
3932 3646 3933 3653 η

2275 3726 2463 3782 decem
2511 3735 2675 3795 atque
2716 3733 2840 3781 octo
2881 3725 3155 3796 copiosior
3199 3740 3467 3780 numerus
3518 3724 3848 3779 sacerdotum
3928 3704 3931 3791 ς

2275 3832 2595 3887 comparare
2639 3831 2698 3873 se
2722 3816 2919 3871 audeat
2942 3816 3027 3871 vel
3062 3813 3349 3886 praeferre;
3377 3831 3507 3871 cum
3553 3824 3709 3870 tanto
3728 3813 3849 3869 divi-

2275 3909 2425 3964 nitus
2458 3908 2742 3981 privilegio
2774 3906 2992 3964 Nicaeus
3040 3913 3111 3962 sit
3155 3906 3401 3978 synodus
3432 3915 3752 3963 consecrata
3779 3916 3847 3965 nl.

2275 3999 2391 4056 sive
2411 4014 2507 4069 per
2539 4000 2826 4070 pauciores
2858 3999 2971 4055 sive
3004 4013 3100 4069 per
3133 3998 3340 4068 plures,
3374 3999 3747 4053 ecclesiastica
3767 3998 3847 4066 ju-

2275 4090 2417 4147 dicia
2447 4091 2806 4157 celebrentur,
2851 4089 2999 4144 omni
3049 4089 3264 4159 penitus
3311 4091 3644 4144 auctoritate
3671 4090 3846 4145 sitvao

2277 4196 2442 4236 cuum
2485 4179 2747 4249 quidquid
2776 4178 2846 4233 ab
2882 4178 3097 4233 illorum
3139 4175 3302 4233 fuerit
3351 4179 3744 4233 constitutione
3772 4176 3843 4231 di-

2278 4285 2494 4325 versum
2503 4310 2516 4324 .
2551 4290 2571 4322 Ι

2349 4362 2426 4417 De
2469 4362 2627 4431 cujus
2666 4361 2947 4432 privilegio
2995 4370 3049 4418 et
3086 4362 3280 4418 beatus
3326 4362 3659 4420 Ambrosius
3689 4362 3837 4417 dicit:

2282 4471 2302 4505 ι
2345 4450 2465 4507 Non
2495 4454 2731 4507 humana
2769 4454 3056 4521 industria,
3095 4470 3204 4509 non
3228 4455 3633 4525 compositione
3657 4455 3838 4524 aliqua,

2278 4543 2505 4597 trecenti
2541 4543 2728 4599 decem
2750 4554 2804 4600 et
2829 4555 2952 4601 octo
2978 4545 3216 4616 episcopi
3239 4546 3307 4600 ad
3329 4546 3629 4601 concilium
3659 4560 3836 4601 conve-

2276 4641 2508 4700 nerunt;
2539 4634 2634 4690 sed
2661 4643 2721 4690 ut
2758 4636 2813 4690 in
2858 4653 3085 4692 numero
3113 4653 3326 4704 eorum,
3350 4654 3449 4707 per
3486 4638 3701 4709 signum
3742 4650 3837 4691 sn:

2276 4726 2553 4796 passionis
2573 4734 2627 4781 et
2651 4728 2889 4783 nominis
2917 4727 3180 4784 Dominus
3204 4727 3367 4785 Jesus
3391 4745 3497 4785 suo
3518 4730 3766 4799 probaret
3788 4740 3836 4780 se

2277 4819 2468 4875 adesse
2513 4818 2765 4873 concilio.
2815 4818 2965 4875 Crux
3008 4821 3063 4875 in
3097 4821 3374 4888 trecentis,
3412 4820 3545 4877 Jesu
3570 4836 3760 4875 nomen
3787 4819 3830 4871 in

2274 4909 2460 4965 decem
2486 4917 2541 4963 et
2563 4917 2689 4964 octo
2709 4919 2792 4964 est
2813 4911 3204 4968 sacerdotibus.
3240 4932 3260 4964 ι
3287 4942 3359 4951 —-
3375 4933 3395 4965 ι
3415 4911 3656 4979 Etmihi,
3676 4910 3828 4982 inquit

2278 5017 2530 5084 Henrico,
2556 5029 2659 5076 etc.

2348 5090 2529 5161 (1015)
2556 5090 2631 5145 De
2667 5091 2770 5145 hoc
2804 5090 3023 5146 Ebbone
3044 5092 3163 5146 vide
3200 5090 3425 5160 Baron.,
3459 5103 3573 5148 tom
3595 5094 3661 5148 IX
3689 5104 3735 5147 et
3764 5092 3822 5155 Χ,

2275 5160 2572 5230 praesertim
2603 5176 2749 5230 anno
2780 5160 2886 5230 855
2925 5170 2979 5216 et
3016 5162 3138 5227 868,
3174 5163 3269 5215 ubi
3294 5165 3533 5219 ostendit
3584 5165 3730 5217 Barog
3752 5165 3820 5214 ias

2275 5228 2384 5284 non
2402 5229 2644 5312 legitime
2668 5228 2808 5285 facta
2839 5228 3008 5286 fuisse
3030 5246 3152 5300 quae
3178 5242 3369 5288 auctor
3402 5234 3513 5288 iste
3532 5245 3590 5289 ut
3610 5233 3819 5305 legitima
