3986 5312
239 146 266 200 1
287 143 387 200 165

1125 141 1414 197 APPEND.
1452 141 1541 198 Ill.
1575 164 1646 183 ά-
1683 139 2116 200 ΜΟΝυΜΕΝΤΑ
2153 142 2615 204 GREGORIANA.

3352 146 3488 208 i168

231 255 500 320 llilarius,
537 253 652 324 ipse
681 253 768 309 ille
793 267 1055 309 numerus
1099 253 1190 308 hic
1225 263 1448 310 sanctus
1479 263 1582 320 est,
1612 255 1667 310 in
1707 271 1818 326 quo
1846 259 1894 314 Α
1918 256 2202 326 superbiae.
2236 256 2374 315 Hinc
2401 275 2503 330 ego
2531 257 2808 330 expallens
2841 259 2974 319 illud
3020 259 3239 318 Domini
3269 261 3328 320 in
3351 261 3490 322 Eae.

229 347 532 409 Abraham,
555 345 730 398 victor
759 360 948 415 regum
985 344 1296 413 impiorum,
1323 344 1390 399 ab
1417 360 1482 398 eo
1513 346 1608 414 qui
1627 346 1812 400 aeterni

231 437 526 492 sacerdotii
570 444 654 490 est
705 435 879 489 forma
930 435 1267 490 benedicitur
1313 435 1624 506 (Gemxrv).
1683 455 1703 488 ι
1749 435 1816 490 Et

232 529 380 582 idem
409 527 599 581 beatus
620 525 729 580 Leo
759 542 895 595 papa
919 525 1093 595 (epist.
1126 526 1216 593 55)
1249 544 1261 578 :
1286 545 1304 576 ‹
1338 523 1521 580 Sancti
1548 527 1626 581 illi
1650 536 1704 582 et
1721 542 1814 582 ve-

229 618 505 672 uerabiles
530 617 737 680 Patres,
764 615 856 684 qui
882 617 936 668 in
971 617 1105 670 urbe
1125 615 1364 681 Nicazna,
1388 617 1653 687 sacrilego
1683 617 1814 672 Ario

230 722 360 760 cum
387 723 487 762 sua
529 707 803 775 impietate
824 705 1103 771 damnate,
1137 721 1425 760 mansuras
1459 722 1631 775 usque
1653 708 1720 760 ad
1747 707 1812 760 ll-

231 814 364 852 nem
391 798 581 852 mundi
621 799 765 867 leges
789 797 1282 851 ecclesiasticarum
1319 812 1590 851 canonum
1622 796 1812 851 condi-

227 889 452 951 derunt,
474 897 528 942 et
554 887 697 956 apud
751 901 851 940 nes
881 886 937 938 in
964 895 1077 939 toto
1120 887 1252 940 orbe
1290 893 1562 939 terrarqu
1594 886 1648 939 in
1698 887 1814 942 suis

230 979 721 1034 constitutionibus
764 979 974 1031 vivunt.
1022 976 1088 1030 Et
1127 977 1174 1032 si
1204 977 1334 1048 quid
1381 993 1614 1046 usquam
1661 979 1816 1032 aliter

229 1087 400 1140 quam
419 1071 498 1125 illi
527 1078 762 1125 statuere
786 1069 1158 1139 praesumitur,
1178 1069 1297 1123 sine
1317 1068 1668 1123 cunctatione
1701 1084 1817 1123 cas:-

228 1170 404 1217 satur.
440 1180 459 1212 ι
491 1161 558 1214 Et
597 1161 725 1215 hinc
760 1169 980 1215 sanctus
1017 1159 1128 1212 Leo
1165 1158 1232 1212 ad
1272 1158 1612 1214 Pulcheriam
1632 1157 1818 1229 Augu-

233 1262 379 1307 stam
431 1255 604 1322 (epist.
648 1253 750 1322 55)
794 1270 808 1306 :
852 1270 870 1302 ‹
909 1251 1112 1305 Contra
1165 1258 1388 1316 statuta,
1456 1251 1652 1320 inquit,
1715 1249 1818 1305 Pa-

229 1351 513 1396 teruorum
551 1359 842 1408 canonum,
865 1357 987 1412 qua:
1008 1349 1133 1395 ante
1154 1340 1486 1411 longissimae
1507 1341 1682 1395 aetatis
1715 1356 1815 1394 au-

229 1449 336 1488 nos
359 1433 417 1487 in
447 1434 582 1487 urbe
608 1431 824 1487 Nicaana
855 1432 1192 1501 spiritalibus
1219 1441 1346 1486 sunt
1371 1430 1597 1485 fundata
1630 1431 1818 1486 deem

228 1524 324 1590 tis,
357 1524 495 1578 nihil
523 1525 780 1592 cuiquam
825 1525 1026 1578 audere
1056 1523 1394 1588 conceditur,
1416 1523 1490 1576 ita
1517 1529 1579 1576 ut
1616 1522 1664 1576 si
1689 1522 1816 1592 quis

1914 349 2055 402 chiel
2095 349 2325 405 dicentis
2365 367 2381 402 :
2436 350 2530 406 Va:
2562 352 2770 408 civitati
2797 354 3146 424 sanguinem,
3181 353 3342 424 cujus
3389 363 3490 425 ego

1913 440 2172 510 grandem
2209 440 2402 495 faciam
2425 457 2612 512 pyram
2651 443 2867 507 (Ezech.
2902 443 3072 514 xxxv),
3097 445 3223 500 licet
3261 443 3405 500 Deus
3433 444 3491 501 in

1912 543 1998 582 me
2022 529 2210 584 fecerit
2229 531 2373 585 viam
2399 533 2606 588 semitae
2630 534 2725 588 ira:
2750 549 2864 589 sua:
2879 533 3054 604 (Puri.
3077 535 3314 605 Lxxvn);
3339 536 3489 589 illam

1910 625 2092 672 tamen
2112 619 2359 674 desidero
2382 621 2540 688 iram,
2555 622 2622 676 de
2636 638 2742 692 qua
2754 621 3116 695 Hieronymus
3142 639 3156 676 :
3189 641 3209 676 ‹
3230 617 3486 688 Grandis,

1912 708 2068 772 dicit,
2105 709 2310 764 oﬂ'ensa
2356 718 2458 774 est,
2503 721 2792 782 postquam
2826 714 3194 782 peccavimus,
3231 714 3367 768 iram
3393 709 3490 769 Dei

1912 813 2022 852 non
2067 800 2283 862 mereri,
2311 808 2370 853 ut
2410 801 2555 854 illam
2595 803 2859 857 declinem
2891 804 3049 869 iram,
3079 805 3146 859 de
3183 820 3290 873 qua
3333 802 3490 859 Psals

1913 890 2076 944 mista
2101 907 2114 944 :
2143 910 2161 941 ι
2181 890 2536 946 Exacerbavit
2560 893 2854 966 [peccator]
2878 895 3166 950 Dominum
3189 896 3490 951 secundum

1914 981 2343 1036 misericordiam
2359 981 2805 1056 [multitudinem]
2820 985 2911 1040 ira:
2928 1001 3040 1040 sua:
3053 984 3226 1055 (Psal.
3243 986 3320 1055 ιι),
3343 1003 3360 1035 ι
3378 993 3491 1039 non

1913 1070 2042 1138 quia
2080 1069 2222 1123 idem
2263 1078 2514 1138 peccator
2541 1070 2766 1126 licenter
2790 1083 2997 1142 peccat,
3041 1075 3132 1127 sed
3178 1073 3359 1127 nimiae
3394 1071 3492 1127 Dei

1914 1159 2010 1214 ira:
2039 1168 2122 1214 est
2153 1161 2298 1230 quod
2337 1162 2583 1230 peccanti
2629 1177 2887 1231 prospera
2933 1163 3193 1227 arrident,
3218 1163 3364 1232 quod
3392 1177 3493 1218 nea

1914 1249 2085 1319 quitia
2136 1250 2256 1318 ejus
2307 1266 2417 1305 non
2464 1251 2790 1318 retunditur,
2829 1253 2974 1323 quod
3017 1253 3136 1322 ejus
3177 1252 3365 1306 sceleri
3392 1264 3494 1322 pro

1914 1339 2126 1393 meritis
2146 1355 2258 1395 non
2283 1341 2660 1410 respondetur.
2686 1361 2708 1397 ι

1986 1425 2053 1480 Et
2082 1444 2152 1483 ne
2171 1427 2378 1484 diutius
2403 1429 2718 1500 delinquam
2753 1430 3092 1500 majestatem
3120 1417 3288 1485 animi
3317 1446 3349 1484 a
3377 1441 3493 1486 tua:

1911 1519 2125 1590 joribus
2148 1521 2505 1589 demorando,
2528 1530 2654 1576 tuos
2681 1523 3008 1577 deosculans
3036 1523 3217 1592 pedes,
3252 1530 3344 1576 tua
3380 1538 3495 1577 ams

228 1614 512 1668 diversum
551 1613 758 1683 aliquid
798 1614 1089 1668 decernere
1118 1613 1266 1680 velit,
1309 1628 1367 1666 se
1394 1611 1576 1682 potius
1605 1611 1817 1664 minuat
1848 1592 1890 1646 Β
1915 1611 2153 1680 plectens
2182 1626 2379 1682 genua,
2404 1612 2580 1666 clamo
2610 1613 2728 1679 tibi,
2762 1612 2921 1668 Pater
2962 1624 3016 1667 et
3043 1616 3289 1678 Domine,
3319 1627 3492 1667 unum

227 1719 400 1772 quam
457 1703 547 1756 illa
596 1710 928 1772 corrumpat.
993 1720 1011 1753 ι
1076 1702 1341 1757 Audirent
1379 1701 1543 1756 etiam
1595 1700 1814 1754 beatum

229 1793 559 1864 Gregorium
607 1794 662 1848 in
706 1792 893 1848 multis
933 1793 1017 1848 sui
1065 1808 1174 1847 non
1211 1791 1460 1862 Registri,
1488 1791 1582 1846 sed
1608 1790 1816 1860 Βερεεεί

229 1887 482 1956 epistolis
530 1885 761 1940 Nicaeae
801 1885 994 1956 synodi
1039 1883 1253 1938 decreta
1291 1883 1666 1937 allirmantem.
1711 1881 1818 1936 lle-

229 1983 503 2044 ponerent
545 1975 775 2030 interius
811 1981 867 2028 et
911 1973 1042 2026 illud
1091 1971 1358 2042 Gregorii,
1393 1971 1538 2040 quod
1587 1969 1816 2039 etprius

229 2065 346 2120 dixi
377 2083 389 2117 :
423 2085 441 2117 ι
483 2065 737 2120 Consena
770 2064 975 2120 sanctis
1015 2062 1268 2116 Pati-ibus
1291 2060 1603 2118 definitione
1632 2060 1816 2114 sanci-

232 2173 385 2223 mus,
416 2166 476 2212 ut
497 2157 591 2226 qui
610 2157 784 2211 sacris
806 2154 982 2208 nescit
1004 2153 1222 2208 obedire
1242 2151 1563 2217 canonibus,
1595 2166 1695 2205 nec
1729 2165 1818 2204 sa-

230 2249 344 2304 cris
374 2248 687 2302 ministrare
735 2246 819 2301 vel
854 2244 1292 2300 communionem
1315 2257 1506 2312 capere
1530 2242 1602 2296 sit
1620 2241 1818 2312 dignus

233 2339 520 2393 altaribus.
569 2357 588 2389 ι

309 2428 368 2483 Si
396 2429 585 2484 dicunt
604 2428 720 2483 haec
750 2439 891 2482 nova
915 2424 1202 2481 emersisse
1248 2422 1464 2478 tertium
1493 2436 1637 2476 nunc
1655 2420 1819 2474 Cato-

235 2536 362 2575 nem
393 2521 461 2575 de
498 2521 636 2575 caelo
659 2519 938 2584 cecidisse,
980 2518 1203 2572 audiant
1234 2531 1427 2586 papam
1465 2513 1818 2568 C(elestinum

236 2612 415 2681 (epist.
445 2611 498 2683 Ξ)
550 2629 563 2664 :
607 2629 625 2662 ‹
664 2609 807 2665 Nulli
847 2609 1191 2664 sacerdotum
1239 2622 1368 2660 suos
1407 2606 1656 2675 ignorare
1697 2603 1821 2658 licet

234 2717 499 2767 canones,
528 2717 630 2757 nec
665 2701 963 2771 quidquam
987 2698 1185 2765 facere,
1221 2698 1365 2767 quod
1395 2695 1617 2749 Patrum
1648 2695 1822 2765 possit

235 2789 449 2862 legibus
479 2790 731 2864 [regulis]
753 2791 992 2846 obviare.
1014 2787 1135 2845 Non
1159 2795 1498 2859 praetereant,
1523 2801 1632 2840 non
1656 2786 1819 2839 abra-

1915 1702 2133 1771 pietate,
2173 1702 2406 1756 alterum
2435 1702 2716 1772 dignitate,
2742 1717 2974 1770 precans
2999 1702 3344 1770 indulgentia:
3364 1717 3490 1771 grai

1917 1790 2067 1856 tiam,
2098 1806 2262 1860 quam
2302 1806 2446 1860 saepe
2476 1791 2572 1845 tibi
2598 1790 2936 1846 valefacienti
2972 1791 3174 1846 seniori
3207 1806 3329 1845 meo
3362 1806 3492 1846 san-

1914 1882 2156 1937 ctissime
2212 1881 2482 1936 Rumoldo
2514 1881 2698 1952 (1047)
2730 1881 2894 1936 hodie
2930 1881 3168 1936 caelestis
3203 1882 3342 1936 aulae
3386 1881 3458 1935 de
3481 1913 3493 1923 ς

1915 1974 2142 2029 mestico
2170 1973 2418 2040 dederas,
2446 1989 2676 2043 precans
2707 1973 2899 2028 levata:
2935 1989 3132 2028 manus
3161 1982 3268 2028 tua:
3293 1972 3491 2028 mereri

1913 2064 2378 2130 benedictionem;
2409 2064 2496 2120 cui
2541 2065 2724 2120 nullus
2754 2065 2920 2120 distat
2959 2064 3142 2130 locus,
3173 2081 3400 2134 precans
3431 2073 3493 2118 ut

1916 2155 1972 2208 in
2021 2156 2114 2210 illo
2148 2155 2403 2210 ineﬂ‘abili
2435 2154 2630 2224 jubilo,
2671 2169 2782 2225 quo
2824 2155 3025 2210 caelum
3051 2161 3330 2224 penetras,
3379 2167 3490 2222 quo

1915 2247 2155 2302 divinam
2180 2248 2489 2318 promulces
2516 2263 2726 2314 aurem,
2765 2247 2873 2302 mei
2902 2262 3015 2301 non
3039 2247 3376 2302 obliviscaris
3397 2247 3494 2316 qui

1917 2339 1996 2392 tui
2033 2339 2226 2393 saltem
2275 2347 2406 2393 tunc
2446 2353 2655 2393 memor
2693 2338 2889 2403 existe,
2934 2353 3060 2393 cum
3091 2338 3168 2392 tui
3198 2352 3492 2393 cenversa«

1915 2430 2120 2484 tionem
2151 2429 2443 2498 tritumque
2472 2429 2686 2484 vivendi
2726 2429 2976 2484 semitam
3006 2429 3234 2483 devotus
3274 2436 3491 2497 exepte.

1925 2521 2018 2575 Vix
2058 2521 2326 2576 refrenata
2348 2536 2526 2590 penna
2562 2520 2740 2574 dicam
2774 2519 2946 2573 invite
2983 2533 3116 2572 ore:
3146 2517 3296 2583 Vale,
3324 2518 3496 2588 gloria

1917 2611 2102 2678 Israel,
2125 2613 2263 2678 vale,
2288 2612 2455 2666 curiae
2485 2611 2720 2666 caelestis
2753 2609 3073 2678 conscriptae
3089 2617 3328 2664 senator.
3359 2607 3468 2664 lusi
3493 2636 3501 2646 -

1917 2703 2071 2772 piens
2098 2701 2274 2758 factus
2297 2718 2419 2758 sum
2438 2701 2734 2771 loquendo,
2755 2701 2903 2756 dices
2927 2700 3061 2754 mihi
3088 2717 3102 2753 :
3129 2697 3491 2768 Respendeo:

1919 2794 2142 2874 coegisti
2179 2808 2286 2848 me.
2316 2793 2504 2847 Amori
2548 2792 2771 2847 modum
2817 2791 3075 2857 suadens,
3115 2790 3310 2859 perdes
3357 2804 3492 2859 ope-

236 2883 370 2936 dant
396 2898 696 2952 pronomen
733 2899 876 2935 suos.
905 2879 1043 2935 Nam
1071 2895 1309 2935 canones
1333 2877 1537 2947 proprii
1567 2884 1695 2932 sunt
1728 2891 1818 2930 sa-
1847 2920 1888 2977 Ο
1920 2900 2058 2938 ram.

236 2973 544 3037 cerdotum,
573 2980 632 3024 ut
658 2971 738 3024 lex
771 2969 942 3041 Moysi
970 2978 1023 3024 et
1055 2970 1142 3023 lex
1185 2967 1519 3022 Iudaeorum.
1563 2965 1717 3020 Unde
1741 2968 1821 3021 eis

241 3062 555 3117 Dominus:
603 3082 620 3112 ε
660 3060 716 3116 1η
754 3063 889 3131 lege,
927 3061 1122 3130 inquit.
1173 3066 1354 3114 vestra
1419 3058 1680 3126 scriptum
1738 3065 1823 3110 est

240 3154 427 3224 (Joau.
455 3154 594 3224 vui).
624 3174 640 3202 ι
668 3153 733 3207 Ει
751 3153 815 3207 de
842 3153 947 3207 eis:
982 3171 999 3203 ι
1018 3152 1076 3205 In
1095 3153 1209 3222 lege
1235 3165 1425 3204 eorum
1451 3149 1710 3219 scriptum
1740 3157 1824 3202 est

242 3245 407 3315 (Joan
441 3245 551 3316 xv).
589 3263 606 3296 ι
637 3243 772 3298 Hinc
801 3253 965 3313 patet,
989 3243 1115 3313 quia
1151 3243 1219 3309 si,
1247 3251 1306 3295 ut
1329 3240 1658 3296 Ctelestiuus
1682 3238 1824 3292 allir-

242 3346 380 3402 mat,
404 3337 479 3390 illi
496 3345 624 3391 sunt
649 3336 954 3390 sacerdotes
977 3349 1209 3390 auorum
1233 3341 1361 3387 sunt
1383 3345 1640 3395 canones,
1671 3338 1821 3395 tunc,

243 3446 482 3499 quorum
523 3444 631 3482 non
673 3435 801 3482 sunt
846 3441 1105 3493 canones,
1152 3439 1253 3479 nec
1284 3435 1444 3478 erunt
1491 3421 1820 3477 sacerdotes.

246 3521 356 3576 Sed
387 3523 503 3576 haec
524 3521 810 3575 hactenus.

318 3612 458 3667 Cum
493 3613 594 3678 tui,
635 3607 940 3666 venerande
986 3605 1166 3674 Pater,
1211 3606 1487 3670 recordor,
1523 3617 1827 3660 exc.amare

245 3703 546 3773 compellor
575 3721 588 3756 :
616 3700 659 3756 Ο
683 3717 769 3756 me
802 3700 1094 3766 infelicem,
1131 3699 1241 3752 imo
1283 3696 1656 3753 infelicissimo
1689 3695 1827 3750 infee

245 3797 495 3852 licierem
516 3835 531 3862 ,
560 3795 706 3866 quod
731 3809 832 3864 ego
862 3793 991 3848 olim
1027 3791 1210 3862 digitis
1237 3789 1345 3843 tuis
1388 3786 1826 3858 probatissimam

247 3887 564 3951 distillando
587 3886 887 3957 myrrham,
924 3883 1058 3938 mihi
1101 3881 1232 3952 quid
1268 3880 1536 3951 agendum
1575 3876 1828 3949 praescri‘

246 3977 508 4036 bentibus
549 3994 659 4034 non
701 3976 936 4043 obedivi,
967 3975 1138 4045 quod,
1171 3974 1346 4028 instar
1377 3971 1583 4041 aspidis
1628 3969 1826 4033 surdae,

249 4089 402 4128 orem
451 4072 558 4127 tuis
592 4069 816 4125 monitis
841 4067 1117 4124 obturavi!
1149 4063 1322 4137 (Psal.
1361 4062 1474 4132 57.)
1499 4060 1652 4117 Nunc
1682 4060 1830 4116 enim

249 4165 437 4236 arguit
463 4178 550 4217 me
596 4162 729 4216 illud
767 4157 1077 4215 Salomonis
1120 4176 1132 4211 :
1186 4175 1205 4208 ι
1244 4155 1364 4222 Quo
1397 4155 1559 4208 modo
1585 4153 1648 4207 si
1673 4151 1829 4221 spina

1991 2975 2185 3029 Valeas
2215 2981 2269 3030 et
2309 2982 2368 3029 tu
2415 2981 2613 3044 optatae
2659 2969 2857 3030 indolis
2885 3015 2900 3040 ,
2939 2969 3202 3030 Bernalde
3223 3015 3239 3040 ,
3273 2971 3498 3030 lloscula

1921 3082 2175 3133 vernans,
2202 3075 2425 3137 rogatus
2455 3083 2584 3121 eum
2614 3066 2706 3121 ille
2727 3065 2969 3135 Aposteli
2991 3066 3058 3120 ad
3085 3065 3455 3136 Philippenses
3484 3080 3498 3118 :

1928 3175 1947 3210 c
1994 3158 2050 3212 Si
2091 3174 2198 3227 qua
2238 3158 2542 3213 consolatio
2575 3157 2630 3211 in
2665 3156 2903 3222 Christo,
2955 3156 3006 3210 si
3054 3156 3200 3225 quod
3246 3156 3502 3210 solatium

1922 3250 2224 3315 charitatis,
2254 3251 2299 3304 si
2328 3265 2450 3320 qua:
2493 3248 2727 3304 societas
2762 3248 3005 3317 spiritus,
3051 3247 3098 3302 si
3137 3260 3259 3316 quae
3291 3248 3506 3304 viscera

1923 3341 2292 3397 miserationis
2319 3341 2542 3413 (Philip.
2580 3339 2667 3410 ιι),
2703 3358 2722 3392 ι
2757 3348 2817 3393 ιιι
2858 3339 3022 3394 citius
3068 3338 3281 3394 dictata;
3324 3339 3420 3394 tibi
3471 3355 3503 3393 a

1923 3433 2147 3488 domine
2176 3441 2272 3487 tuo
2318 3431 2562 3487 materiae
2599 3446 2813 3486 merear
2846 3431 3056 3486 litteras
3101 3430 3250 3485 omni
3286 3438 3507 3485 nectare

1923 3523 2061 3577 mihi
2109 3522 2430 3593 sapidiores,
2469 3529 2586 3576 tum
2621 3528 2833 3576 tantum
2863 3530 3015 3576 tuam
3060 3521 3390 3591 dominique.
3424 3517 3506 3576 tui

1925 3613 2157 3668 salutem
2191 3612 2326 3666 mihi
2348 3610 2664 3666 referentes.
2689 3610 2772 3665 Tu
2795 3611 2915 3680 tibi,
2947 3627 3163 3679 moneo,
3197 3626 3306 3666 non
3335 3608 3504 3675 desis,

1925 3712 2356 3772 prasentaturus
2384 3711 2435 3758 te
2468 3703 2626 3760 nobis
2651 3703 2836 3770 talem,
2855 3705 3073 3774 qualem
3098 3714 3200 3775 ego
3223 3711 3273 3758 te
3298 3701 3504 3767 nescio,

1926 3803 2112 3848 utrum
2142 3794 2318 3864 magis
2341 3803 2521 3863 Optem
2553 3807 2622 3848 an
2655 3808 2886 3862 sperem.
2915 3791 3054 3863 Opto
3087 3794 3288 3862 quippe
3320 3807 3388 3848 ex
3413 3793 3505 3845 illo

1927 3897 2091 3953 quem
2123 3882 2180 3936 in
2219 3889 2274 3936 te
2315 3883 2491 3936 habeo
2526 3881 2742 3938 affectu.
2781 3880 2953 3952 Spero
2991 3898 3061 3937 ex
3089 3883 3284 3939 debita
3315 3879 3506 3956 virtuti

1930 3981 2035 4026 tua:
2065 3972 2356 4041 parentelze
2372 3979 2641 4040 respectu.

2489 4058 2826 4116 EPISTOLA
2847 4056 2916 4116 III

2344 4165 2642 4210 ADALBERTI
2666 4170 2730 4208 ΑΙ)
2760 4169 3091 4208 BERNALDIlI.

252 4265 516 4312 nascatur
561 4255 616 4308 in
667 4269 832 4308 manu
868 4250 1170 4312 temulenti,
1199 4248 1279 4303 sic
1321 4247 1377 4300 in
1420 4261 1514 4300 ore
1541 4244 1832 4300 stultorum
1865 4251 1908 4305 D
2004 4244 2233 4300 Domino
2291 4261 2356 4300 ac
2404 4245 2860 4300 reverendissimo
2902 4245 3169 4300 sacerdoti
3216 4243 3500 4300 BEBNALDO

252 4348 514 4418 parabola
542 4346 722 4417 (Prov.
752 4343 923 4412 xxvi).
960 4361 978 4394 ι
1002 4340 1136 4395 Nam
1160 4340 1302 4395 sicut
1322 4336 1646 4392 temulentus
1671 4335 1825 4404 spina

252 4439 309 4492 in
335 4453 503 4492 manu
533 4437 745 4490 detenta
777 4435 1015 4502 seipsum
1050 4431 1104 4484 in
1135 4430 1324 4500 primis
1347 4429 1615 4494 vulnerat,
1644 4426 1716 4481 ita
1741 4442 1828 4481 me

252 4545 377 4584 mea
403 4526 667 4583 sententia
702 4525 786 4581 sui
815 4526 1011 4593 laqueo
1030 4521 1351 4594 strangulat,
1385 4520 1459 4574 ita
1491 4535 1577 4573 me
1607 4521 1828 4588 proprie

255 4635 380 4675 meo
407 4618 586 4690 gladio
622 4617 854 4689 jugulat.
896 4613 973 4669 De
1020 4615 1136 4684 lege
1165 4629 1263 4667 sua
1302 4628 1388 4666 me
1423 4611 1567 4665 Deus
1588 4611 1830 4665 docendo

256 4711 508 4781 mitigare
529 4708 660 4763 mihi
685 4724 716 4762 a
735 4706 928 4761 diebus
949 4705 1106 4757 malis
1130 4702 1300 4756 voluit
1325 4700 1500 4771 (Psal.
1526 4703 1712 4768 xcm);
1739 4700 1833 4755 sed

257 4803 434 4860 fateor
489 4801 606 4867 tibi,
660 4807 849 4857 sancte
914 4796 1090 4860 Pater,
1148 4794 1275 4866 quia
1334 4793 1430 4847 tibi
1474 4790 1650 4846 factus
1712 4807 1834 4845 sum

259 4893 314 4946 iu
358 4891 538 4946 medio
569 4886 828 4951 fornacis,
858 4900 953 4950 ωε,
986 4882 1405 4946 murmuraudo;
1452 4889 1731 4944 staunum,
1777 4888 1840 4934 ut

260 4974 542 5038 dealbatus
570 4980 774 5050 paries,
809 4976 1032 5030 meliora
1064 4973 1405 5038 mentiendo;
1437 4971 1667 5036 ferrum,
1705 4986 1834 5040 pro-

262 5079 422 5133 ximis
444 5076 684 5132 nocendo
710 5093 727 5138 ;
777 5071 1056 5140 plumbum
1080 5067 1291 5140 (Ezech.
1322 5068 1482 5137 χχιι),
1519 5080 1734 5135 semper
1761 5068 1834 5122 ad

263 5171 446 5226 inﬁma
468 5167 759 5237 vergendo.
797 5181 815 5211 ι
845 5159 1277 5225 Curavimus,ait
1296 5154 1834 5230 Dominus,Babyle-

262 5266 591 5312 ncm.etuen
613 5257 907 5312 estsauata
923 5249 1094 5312 (Hier.
1123 5249 1219 5312 LI).
1245 5267 1263 5298 ι
1281 5247 1526 5312 Crepuit,
1539 5245 1675 5301 dicit
1688 5245 1838 5304 Scri-

1929 4351 2034 4392 non
2053 4337 2167 4406 jam
2211 4352 2474 4406 nugacem
2523 4336 2695 4407 lyram
2732 4335 2958 4403 Horatii,
3000 4335 3388 4408 sedmysticam
3421 4336 3503 4391 ci-

1927 4430 2143 4484 tharam
2174 4428 2363 4494 David,
2395 4427 2733 4484 fructuosius
2773 4428 2899 4495 sibi,
2929 4436 2985 4482 et
3013 4427 3130 4482 suis
3161 4428 3504 4484 auditoribus

1929 4520 2278 4588 amplexanti,
2323 4519 2682 4575 Αυιιιιιειιτυε
2727 4527 2883 4576 aetate
2919 4519 3220 4590 presbyter,
3245 4537 3354 4575 neu
3382 4533 3503 4573 mo-

1929 4611 2102 4675 ribus,
2129 4611 2358 4681 ejusque
2397 4609 2728 4678 Bernaldus,
2755 4625 2823 4666 ex
2873 4617 3107 4680 utroque
3138 4610 3363 4666 homine
3389 4623 3510 4664 cer-

1930 4702 2129 4758 tissimi
2151 4701 2462 4757 serviminis
2483 4701 2732 4756 allectus.
2769 4701 2847 4754 De
2865 4699 3186 4755 dulcissimo
3213 4703 3385 4759 vestri
3419 4712 3512 4753 re—

1932 4794 2156 4862 scripto,
2190 4794 2347 4848 vobis
2369 4793 2670 4862 condignas
2699 4801 2879 4865 grates
2918 4791 3123 4846 referre
3171 4808 3285 4850 non
3312 4786 3520 4848 subici-

1933 4898 2087 4946 mus;
2122 4886 2216 4940 sed
2273 4886 2377 4940 hoc
2405 4882 2657 4938 omnium
2717 4885 2991 4939 bonorum
3049 4879 3414 4944 Retributori,
3466 4886 3530 4928 ut

1934 4977 2050 5046 ipse
2075 4977 2235 5034 vobis
2274 4976 2561 5039 retribuat,
2592 4973 2802 5032 obnixa
2827 4971 3229 5041 supplicatione
3251 4965 3536 5032 committi.

1937 5080 2080 5128 mus,
2109 5081 2272 5135 quem
2297 5072 2353 5120 et
2381 5078 2482 5120 vos
2508 5063 2564 5117 in
2608 5064 2778 5120 nobis
2804 5072 2917 5118 tam
2953 5058 3286 5121 charitativa
3311 5068 3544 5127 respon-

1940 5153 2111 5217 sione,
2165 5161 2276 5208 tam
2336 5151 2613 5206 laboriosa
2660 5147 3027 5219 rescriptione
3076 5161 3194 5202 non
3224 5151 3547 5209 dubitamus

1940 5246 2260 5300 benerasse.
2299 5243 2403 5298 Sed
2442 5241 2575 5312 quia
2601 5241 2876 5298 nonnulla
2933 5240 2988 5294 in
3030 5237 3232 5296 eodem
3283 5233 3582 5300 rescripto
