3986 5312
533 235 673 298 HC"

1510 231 1602 286 ΑΙ)
1632 227 1860 286 οΡΕΒΑ
1897 227 1955 284 S.
1995 221 2326 284 GREGORII
2364 218 2809 279 API‘ENDICES.

3640 217 3764 275 1168

521 349 695 406 lentia
725 350 928 414 securi,
965 345 1164 400 iterum
1206 353 1308 398 vos
1350 339 1658 412 inquietare
1701 335 2104 408 pr'aesumimus,
2134 335 2182 392 Α
2205 333 2480 388 audiendi.
2505 332 2632 400 Aut,
2666 333 2713 388 si
2740 329 2925 386 venire
2957 329 3249 396 noluerint,
3279 343 3382 399 pro
3405 337 3714 400 contemptu
3736 337 3768 379 ι

523 437 728 506 iterum
755 443 949 500 vestrae
989 430 1279 504 diligentia:
1314 427 1580 498 judicium
1623 440 1788 495 super
1825 423 2102 479 nonnullis

527 525 785 584 obscuris
804 525 1056 580 ardenter
1077 528 1479 590 exspectamus.

600 616 678 672 De
699 616 932 688 primatu
955 613 1118 683 igitur
1143 611 1500 667 sanctissima:
1519 610 1664 666 sedis
1678 609 1987 680 apostolicae
2008 623 2100 662 sa-

529 699 599 756 tis
622 700 892 768 eleganter
919 697 1158 752 cnaritas
1199 704 1381 752 vestra
1417 695 1575 749 nobis
1621 693 1856 762 scripsit.
1901 691 2101 758 Quam,

527 790 654 844 licet
671 787 962 860 aliquando
982 787 1052 841 ab
1076 786 1312 857 indignis
1331 799 1662 855 possessam,
1684 799 1897 852 semper
1917 791 2102 836 tamen

525 880 779 933 erunibus
828 875 1088 932 Ecclesiis
1141 891 1262 930 esse
1302 872 1694 944 praeferendam
1753 887 1818 926 ex
1869 869 2104 925 decretis

528 959 630 1022 SS.
660 967 882 1022 Patrum
894 965 1296 1022 evidentissime
1318 963 1582 1034 probavit.
1611 957 1786 1032 Hujus
1798 959 2101 1016 enimsedis

525 1059 813 1131 pontifices
847 1073 947 1128 pro
975 1065 1220 1128 tempore
1249 1073 1280 1112 a
1311 1055 1546 1114 subditis
1564 1053 1934 1110 admonendos
1961 1050 2098 1120 t‘ore,

524 1165 635 1206 non
682 1159 866 1206 tamen
902 1159 1104 1206 temere
1143 1146 1589 1220 proscribendos,
1635 1143 2098 1200 Christianissima

525 1241 969 1310 pronuntiatione
997 1239 1280 1304 docuistis,
1303 1238 1550 1294 videlicet
1583 1246 1642 1292 ut
1678 1232 1920 1305 ejusdem
1955 1235 2099 1290 sedis

523 1333 736 1402 primus
766 1347 1054 1402 possessor
1077 1347 1108 1386 a
1159 1329 1474 1400 coapostolo
1515 1327 1638 1398 ejus
1667 1325 1840 1382 Paulo
1861 1327 2100 1382 charita-

525 1421 634 1477 tiva
675 1423 997 1478 liberalitate
1044 1421 1355 1478 admonitus
1386 1427 1493 1485 est,
1541 1433 1652 1472 non
1677 1428 1739 1472 ut
1766 1418 1824 1472 S.
1855 1418 2098 1472 Athana~

523 1513 642 1569 sius
684 1513 1084 1569 Alexandrinus
1129 1512 1440 1584 patriarcha
1483 1511 1552 1565 ab
1584 1509 1804 1566 Arianis
1846 1509 2096 1566 haeretica

523 1605 878 1674 usurpatione
896 1604 1175 1676 depositus
1195 1610 1297 1658 est.

597 1693 916 1751 Tractatum
939 1704 1180 1751 vestrum
1211 1694 1287 1749 De
1309 1691 1590 1748 ordinibus
1611 1691 1942 1762 judiciorum
1969 1708 2096 1764 gra-

523 1785 734 1843 tissime
774 1787 1138 1858 suscepimus,
1178 1800 1340 1856 quem
1385 1784 1462 1840 ita
1491 1799 1831 1854 expressum,
1857 1799 1920 1839 ac
1940 1783 2095 1839 testi-

520 1879 722 1935 moniis
749 1878 849 1934 SS.
893 1879 1116 1934 Patrum
1148 1879 1223 1934 ita
1259 1877 1594 1941 roboratum,
1630 1884 1683 1931 et
1721 1890 1824 1930 nos
1850 1884 2096 1946 postmo-

519 1969 650 2025 dum
684 1971 740 2026 in
781 1973 1016 2042 quodam
1047 1971 1228 2026 libello
1267 1969 1587 2038 reperimus.
1620 1967 1765 2023 Duos
1785 1969 1982 2038 quippe
2007 1969 2097 2039 ju-

519 2061 780 2118 diciarios
805 2064 1024 2120 ordines
1049 2079 1171 2118 esse
1208 2061 1494 2116 nobiscum
1519 2059 1732 2116 sentitis
1757 2078 1773 2114 :
1801 2075 1994 2126 unum,
2029 2061 2096 2116 de

527 2152 730 2220 dubiis,
765 2155 996 2210 alterum
1033 2149 1454 2210 de‘manil‘cstis.
1490 2151 1596 2206 Sed
1622 2152 1869 2208 ordinem
1891 2153 1958 2207 de
1987 2168 2098 2207 ma-

519 2243 738 2301 nifestis
759 2245 814 2300 in
849 2246 988 2302 duas
1013 2247 1224 2316 species
1249 2243 1614 2301 subdividitis.
1644 2243 1824 2298 Unam
1843 2245 2095 2316 quidem,

519 2350 646 2391 cum
673 2351 804 2392 reus
844 2345 902 2392 et
934 2338 1143 2408 objecta
1169 2352 1228 2394 se
1251 2337 1467 2402 fecisse,
1495 2345 1550 2392 et
1571 2335 1820 2392 faciendo
1842 2351 2097 2407 peccasse

518 2425 738 2482 fatetur.
793 2428 1036 2484 Alteram
1061 2442 1215 2496 vero,
1246 2444 1368 2484 cum
1407 2443 1536 2484 reus
1561 2443 1620 2484 se
1641 2428 1853 2499 objecta
1880 2427 2092 2498 fecisse,

519 2519 615 2574 sed
659 2519 716 2574 in
750 2519 857 2576 hoc
895 2535 1005 2576 non
1052 2535 1278 2592 pecasse
1308 2520 1528 2575 fatetur.
1587 2519 1700 2576 Nos
1744 2529 1924 2577 tamen
1955 2523 2098 2578 hanc

515 2611 877 2679 posteriorem
902 2621 1096 2668 vestrae
1125 2611 1515 2669 subdivisionis
1545 2613 1780 2684 speciem
1823 2614 1875 2668 in
1908 2624 2095 2670 nostra

515 2697 782 2758 divisione
823 2705 1335 2774 comprehendimus
1381 2702 1523 2758 infra
1561 2705 1783 2760 modum
1815 2705 1884 2761 de
1915 2706 2094 2762 dubiis

515 2793 854 2850 criminibus.
882 2793 1124 2852 Dicimus
1151 2795 1318 2862 enim,
1351 2811 1418 2850 ex
1450 2795 1758 2866 judiciariis
1785 2797 2091 2865 ordinibus,

515 2883 662 2940 hunc
691 2885 808 2940 fieri
839 2887 907 2942 de
951 2887 1153 2954 dubiis,
1190 2887 1341 2942 illum
1364 2898 1497 2940 vero
1547 2887 1613 2942 de
1650 2887 1955 2953 manifestis
1985 2891 2094 2945 cri-

513 2975 772 3031 minibus.
817 2975 928 3032 Nec
955 2976 1062 3032 hoc
1111 2993 1198 3032 me
1225 2977 1452 3047 quilibet
1489 2977 1694 3032 dixisse
1721 2988 1892 3048 putet,
1935 2982 2093 3051 quasi

513 3067 710 3122 vestrae
728 3066 984 3124 divisioni
1010 3062 1450 3139 praejudicemus,
1491 3067 1584 3122 sed
1605 3067 1726 3123 ideo
1745 3071 2091 3138 potissimum

513 3146 575 3212 ut
607 3167 968 3230 utrarumque
1013 3159 1343 3215 divisionum
1373 3161 1720 3215 concordiam
1751 3163 1820 3217 ad
1860 3163 2091 3219 invicem

513 3248 855 3326 denotemus.
887 3249 1024 3308 Nam
1066 3259 1302 3320 utraque
1327 3250 1556 3317 divisio,
1589 3259 1648 3304 ut
1672 3252 1832 3307 nobis
1857 3254 2089 3322 videtur,

514 3349 661 3396 stare
710 3342 934 3412 poterit,
965 3342 1012 3398 si
1043 3349 1224 3397 vestra
1254 3341 1542 3412 prudentia
1571 3357 1678 3396 non
1710 3343 1866 3398 aliter
1879 3344 2093 3414 judica-

510 3431 668 3487 verit.
699 3432 794 3487 llla
810 3434 958 3488 enim
986 3442 1182 3488 vestrae
1205 3433 1492 3488 divisionis
1513 3432 1744 3502 species,
1775 3435 1830 3488 in
1868 3451 1974 3506 qua
2011 3436 2092 3491 fa-

515 3531 663 3576 ctum
685 3523 1022 3588 conceditur,
1045 3523 1202 3592 culpa
1217 3523 1532 3594 denegatur,
1555 3525 1754 3594 partim
1783 3525 2088 3592 manifesta,

514 3613 712 3682 partim
742 3607 908 3666 dubia
948 3613 1231 3682 probatur.
1279 3612 1504 3668 Factum
1532 3615 1699 3680 enim,
1722 3615 1869 3684 quod
1897 3631 2092 3672 conce-

513 3702 682 3768 ditur,
710 3700 1060 3758 manifestum
1087 3711 1200 3769 est;
1233 3703 1327 3759 sed
1358 3703 1500 3766 idem
1517 3703 1718 3773 ipsum,
1745 3721 1814 3760 an
1858 3721 1957 3776 pro
1985 3708 2092 3762 cri-

513 3792 662 3848 mine
689 3791 760 3846 sit
778 3792 1108 3859 h‘abendum,
1127 3786 1473 3864 summopere
1491 3793 1790 3850 dubitatur.
1814 3795 1932 3852 Non
1959 3815 2088 3868 ergo

513 3879 712 3936 mirum
737 3882 984 3938 eamdem
1013 3884 1248 3952 speciem
1268 3883 1486 3940 diverso
1513 3878 1786 3956 respectu,
1813 3903 1956 3943 nunc
1986 3890 2088 3944 du-

510 3969 636 4036 biis,
675 3979 832 4028 ‘nunc
875 3972 1182 4029 manifestis
1220 3975 1452 4043 ascribi;
1483 3976 1580 4031 sed
1609 3993 1710 4034 nos
1731 3979 1903 4050 magis
1938 3981 2086 4036 illam

510 4061 692 4118 dubiis
719 4063 1176 4133 interposuimus,
1203 4065 1330 4138 quia
1389 4066 1710 4123 divisionem
1751 4069 2085 4140 judiciorum

513 4169 625 4208 non
655 4155 978 4225 generaliter
1023 4157 1166 4211 inter
1202 4155 1366 4224 facta,
1401 4159 1495 4213 sed
1525 4159 1664 4214 inter
1693 4161 1920 4216 crimina
1951 4162 2084 4218 feci-

511 4259 634 4299 mus
662 4243 1077 4314 judiciariorum
1137 4246 1412 4302 ordinum.
1463 4247 1567 4302 Alii
1603 4249 1740 4305 ﬁunt
1789 4251 1855 4307 de
1905 4252 2089 4310 dubiis

511 4336 856 4404 criminibus;
885 4337 998 4403 alii,
1029 4337 1097 4392 de
1121 4337 1444 4394 manifestis.

580 4425 735 4482 Unde
773 4428 1034 4496 praedicta
1069 4437 1268 4485 vestrm
1293 4430 1580 4486 divisionis
1610 4433 1841 4502 species,
1867 4435 1921 4488 in
1955 4452 2083 4506 qua,

510 4531 776 4574 concesso
801 4517 968 4586 facto,
991 4534 1060 4574 an
1089 4520 1298 4576 crimen
1321 4521 1392 4576 sit
1425 4523 1722 4592 dubitatur,
1753 4541 1860 4580 non
1888 4527 2082 4583 incon-

509 4624 646 4680 grue
669 4609 724 4664 in
771 4619 962 4667 nostra
985 4611 1256 4670 divisione
1279 4614 1462 4670 dubiis
1489 4619 1896 4674 annumerauda
1926 4623 2081 4678 vide-

506 4698 687 4755 batur.
718 4700 832 4758 νοῦ
861 4710 1042 4758 autem
1079 4704 1400 4776 judiciarios
1420 4707 1643 4764 ordines
1670 4723 1779 4764 non
1813 4710 1956 4766 inter
1974 4714 2082 4768 eri-

508 4791 678 4858 mina,
699 4794 793 4849 sed
815 4795 1072 4851 absolute
1100 4795 1243 4851 inter
1269 4797 1482 4852 occulta
1511 4807 1566 4854 et
1611 4801 1899 4858 manifesta
1951 4805 2084 4860 divi-

508 4880 696 4949 sistis;
724 4884 893 4949 unde,
929 4894 984 4940 et
1011 4887 1323 4956 praedictam
1377 4889 1634 4959 speciem,
1683 4892 1738 4946 in
1769 4909 1878 4964 qua
1913 4889 2103 4951 dene-‘

507 4981 629 5042 gata
655 4975 836 5042 culpa,
871 4974 1078 5031 factum
1113 4978 1460 5046 conceditur,
1504 4981 1621 5036 sine
1653 4985 2081 5043 contradictione

2201 425 2586 480 communione
2635 422 3019 494 suspendendi.
3056 420 3188 487 Hoc,
3231 421 3481 490 inquam,
3525 420 3638 475 illis
3659 421 3771 489 jure

2199 516 2516 572 conceditur
2561 515 2656 586 qui
2701 515 2770 570 de
2805 513 3034 584 objectis
3095 520 3191 566 aut
3265 512 3402 567 nihil
3455 526 3518 567 se
3588 510 3774 567 fecisse

2201 606 2460 674 fatentur,
2499 614 2594 661 aut
2617 607 2742 673 hoc,
2773 605 2921 676 quod
2949 603 3198 669 fecerint,
3245 601 3456 658 crimen
3485 615 3614 657 esse
3645 601 3777 656 diﬁ-

2203 704 2402 752 tentur.

2269 786 2381 842 Nec
2414 787 2520 844 hoc
2545 787 2708 841 etiam
2739 801 3003 857 negamus
3023 785 3154 854 quin
3177 792 3232 839 et
3268 783 3508 853 publicis
3529 782 3777 837 crimini-

2199 879 2304 935 bus
2341 879 2561 949 obligati
2597 878 2665 932 ad
2711 877 2970 948 synodale
2999 876 3269 946 judicium
3314 889 3416 944 pro
3463 881 3778 944 contemptu

2199 977 2483 1036 vocentur,
2515 977 2575 1023 ut
2603 974 2758 1024 tanto
2793 968 3032 1034 cautius,
3065 975 3217 1022 tanto
3243 965 3702 1037 irrefra’gahilius,
3727 975 3778 1022 et

2199 1059 2418 1116 demum
2460 1059 2717 1116 Ecclesia:
2742 1067 2896 1116 tanto
2924 1058 3258 1114 fructuosius
3291 1067 3504 1127 quanto
3543 1073 3578 1111 a
3607 1057 3774 1126 pluri-

2197 1151 2302 1207 bus
2330 1151 2499 1208 auditi
2523 1151 2862 1222 judicentur.
2896 1150 3002 1206 Sed
3026 1150 3165 1206 hanc
3189 1149 3508 1220 synodicam
3537 1150 3778 1203 vocatio-

2198 1257 2323 1297 nem
2353 1243 2664 1298 nullatenus
2691 1252 2802 1297 tam
2835 1241 3139 1314 generalem
3170 1255 3372 1310 ponere
3420 1239 3694 1296 audemus
3719 1249 3781 1294 ut

2198 1333 2370 1403 ipsius
2390 1335 2702 1404 apostolicae
2732 1334 2882 1390 sedis
2903 1333 3264 1405 privilegium,
3299 1347 3412 1388 non
3451 1332 3526 1386 ab
3553 1339 3778 1400 aposto-

2197 1423 2288 1492 lis,
2341 1426 2436 1480 sed
2482 1425 2552 1480 ab
2599 1425 2720 1494 ipso
2774 1423 3006 1479 Domino
3033 1424 3085 1478 ei
3109 1437 3434 1479 concessum
3479 1421 3776 1493 infringere

2196 1522 2486 1571 tentemus.
2515 1513 2611 1571 Est
2650 1515 2795 1570 enim
2827 1514 3166 1585 privilegium
3197 1514 3346 1569 sedis
3371 1514 3693 1582 apostolica
3715 1521 3776 1568 ut

2197 1607 2344 1662 nulla
2373 1605 2725 1678 proveniente
2753 1606 2980 1678 synodo,
3001 1605 3274 1674 quoslibet
3291 1605 3640 1660 damnandos
3657 1619 3774 1674 pos-

2197 1699 2270 1754 sit
2288 1698 2568 1764 damnare,
2595 1706 2653 1754 et
2678 1697 3109 1753 reconciliandos
3135 1697 3514 1762 reconciliare,
3557 1705 3623 1751 ut
3649 1697 3774 1752 bea-

2195 1797 2286 1845 tus
2312 1788 2560 1846 Gelasius
2588 1789 2645 1844 in
2673 1790 2904 1846 decretis
2937 1789 3004 1845 ad
3043 1787 3336 1845 orientales
3363 1788 3658 1858 episcopos
3687 1788 3774 1844 di-

2195 1871 2362 1936 rectis
2383 1869 2621 1936 ostendit
2661 1881 2834 1952 (epist.
2883 1881 2992 1952 ll),
3023 1881 3077 1935 in
3107 1881 3310 1950 quibus
3336 1879 3602 1936 Acasium
3629 1878 3772 1934 Con-

2195 1972 2737 2042 stantinopolitanum
2759 1973 3122 2043 patriarcham
3151 1971 3360 2040 absque
3385 1971 3542 2026 omni
3568 1971 3777 2042 synodo

2195 2063 2457 2119 canonice
2485 2063 2556 2118 ab
2597 2064 2896 2134 apostolica
2925 2063 3052 2120 sede
3077 2063 3397 2118 damnatum
3423 2061 3774 2133 irrefragabi-

2193 2153 2317 2208 liter
2339 2153 2606 2224 probavit.
2642 2154 2842 2211 Scribit
2867 2155 3014 2210 enim
3061 2154 3204 2210 inter
3225 2163 3422 2209 caetera
3457 2172 3474 2209 :
3508 2173 3530 2205 ι
3565 2152 3774 2209 Cuncta

2193 2257 2292 2316 per
2317 2247 2578 2302 mundum
2615 2248 2764 2302 novit
2802 2245 3044 2302 Ecclesia
3095 2246 3239 2316 quod
3285 2255 3643 2302 sacrosancta
3673 2245 3774 2301 Ec-

2193 2337 2358 2393 clesia
2389 2337 2634 2392 Romana
2655 2338 2721 2393 de
2744 2339 2897 2393 omni
2921 2337 3160 2393 Ecclesia
3188 2335 3272 2392 fas
3288 2337 3491 2392 habeat
3512 2327 3770 2408 judican-

2193 2428 2280 2496 di;
2313 2445 2488 2499 neque
2519 2429 2776 2500 cuiquam
2821 2430 2888 2485 de
2921 2429 3042 2499 ejus
3081 2429 3508 2500 liceatjudicare
3543 2430 3772 2500 judicio,

2197 2521 2464 2591 siquidem
2487 2521 2555 2576 ad
2573 2521 2721 2576 illam
2752 2523 2818 2577 de
2838 2523 3076 2592 qualibet
3102 2521 3294 2577 mundi
3319 2529 3475 2592 parte
3503 2523 3774 2592 appellan-

2194 2611 2320 2667 dum
2335 2621 2444 2680 est;
2459 2613 2528 2667 ab
2545 2613 2633 2667 illa
2651 2620 2830 2668 autem
2851 2628 3009 2668 nemo
3028 2613 3100 2668 sit
3118 2614 3389 2684 appellare
3396 2614 3725 2684 permissus.
3744 2631 3765 2665 ι

2197 2702 2301 2758 Sed
2319 2720 2416 2760 nec
2439 2704 2530 2760 illa
2559 2705 2918 2776 praeterimus,
2965 2705 3108 2776 quod
3151 2706 3451 2775 apostolica
3473 2707 3640 2762 sedes
3658 2707 3773 2760 sine

2194 2793 2303 2847 ulla
2337 2793 2541 2865 synodo
2589 2793 2944 2864 praecedente,
2991 2795 3303 2850 exsolvendi
3344 2812 3490 2866 quos
3531 2797 3770 2868 synodus

2196 2881 2380 2952 iniqua
2427 2883 2798 2951 damnaverat,
2847 2892 2900 2940 et
2951 2885 3264 2952 damnandi,
3319 2885 3469 2939 nulla
3499 2887 3772 2942 existente

2195 2978 2420 3048 synodo,
2448 2994 2586 3048 quos
2615 2978 2876 3048 oportuit,
2907 2979 3158 3033 habuerit
3205 2977 3540 3033 facultatem.
3568 2978 3639 3033 Et
3671 2980 3772 3035 hoc

2196 3067 2454 3121 nimirum
2481 3082 2580 3136 pro
2623 3083 2724 3122 suo
2778 3068 3116 3138 principatu;
3143 3083 3304 3138 quem
3352 3061 3554 3122 beatu's
3579 3067 3772 3122 Petrus

2193 3155 2472 3224 apostolus
2516 3155 2731 3210 Domini
2769 3171 2900 3212 voce
2943 3157 3158 3225 (Matth.
3179 3171 3268 3211 m
3302 3155 3511 3224 Heaut.
3547 3157 3688 3230 ut),
3720 3166 3772 3212 et

2191 3244 2364 3298 tenuit
2383 3261 2616 3315 semper,
2639 3254 2692 3300 et
2727 3246 2999 3301 retinebit.
3085 3265 3089 3269 ·

2262 3333 2434 3406 Hujus
2467 3351 2596 3406 ergo
2625 3336 2888 3408 privilegii
2935 3335 3255 3392 auctoritate
3295 3335 3638 3392 sanctissimi
3665 3336 3774 3392 Ro-

2191 3441 2366 3481 manae
2387 3427 2532 3482 sedis
2567 3428 2804 3498 episcopi
2834 3428 3038 3498 absque
3059 3427 3208 3481 omni
3257 3428 3467 3498 synodo
3507 3429 3772 3484 damnare
3871 3447 3876 3452 ·

2192 3526 2594 3591 consueverunt
2639 3534 2874 3590 quorum
2925 3517 3350 3584 contumaciam,
3387 3533 3454 3572 cx
3478 3519 3770 3589 cujuslibet

2189 3608 2529 3663 indubitabili
2561 3609 2841 3676 relatione,
2857 3618 3247 3680 cognoverunt.
3268 3608 3382 3665 lloc
3406 3611 3604 3680 utique
3627 3613 3770 3668 illius

2189 3700 2472 3755 scientiam
2500 3717 2612 3756 non
2657 3701 3002 3773 subterfugit,
3035 3702 3349 3772 quitunque
3377 3699 3679 3773 Regestum
3708 3703 3764 3758 S.

2187 3789 2434 3862 Gregorii
2489 3801 2544 3846 et
2581 3792 2788 3862 reliqua
2830 3790 2931 3846 SS.
2981 3790 3204 3846 Patrum
3240 3792 3480 3860 decreta,
3523 3793 3765 3864 diligenti

2187 3881 2630 3938 consideratione
2675 3882 3022 3953 percurrerit.
3066 3870 3177 3949 Sic,
3209 3881 3454 3953 inquam,
3493 3881 3766 3938 Maximus

2187 3968 2539 4025 Salonitanus
2559 3969 2891 4040 episcopatui
2915 3979 3340 4041 praesumptuose
3361 3972 3766 4029 intbronizatus

2185 4079 2216 4116 a
2239 4061 2298 4115 Β.
2331 4061 2592 4132 Gregorio
2608 4061 2813 4130 absque
2835 4061 2985 4116 omni
3009 4062 3234 4132 synodo,
3249 4075 3348 4131 pro
3372 4062 3480 4118 hac
3497 4079 3766 4133 [nasum-

2184 4153 2368 4223 ptione
2397 4153 2685 4208 missarum
2740 4153 3104 4207 celebratione
3156 4153 3420 4222 privatur.
3464 4152 3642 4220 Quem
3699 4153 3756 4210 S.

2186 4243 2479 4315 Gregorius
2509 4242 2624 4312 (lib.
2650 4259 2703 4309 v,
2727 4259 2806 4313 ep.
2839 4243 2873 4297 3
2923 4251 2974 4296 et
3007 4243 3101 4312 25)
3129 4257 3239 4296 non
3267 4251 3381 4297 tam
3431 4259 3537 4312 pro
3585 4245 3760 4298 mani-

2113 4347 2160 4402 1)
2185 4334 2336 4391 festis
2377 4349 2542 4406 quam
2595 4348 2697 4404 pro
2749 4333 2928 4390 dubiis
2955 4333 3277 4389 criminibus
3299 4333 3366 4388 ad
3387 4348 3448 4388 se
3475 4343 3757 4401 vocatum,

2192 4428 2457 4494 videlicet,
2487 4441 2648 4498 quem
2681 4425 2992 4481 Simoniaco
3027 4426 3328 4494 schismati,
3369 4427 3486 4482 sive
3513 4429 3761 4482 mulieri-

2187 4521 2291 4577 bus
2315 4522 2540 4576 mistum
2560 4518 2749 4586 fuisse,
2775 4533 2883 4572 non
2909 4533 3008 4588 pro
3028 4527 3178 4574 certo
3196 4518 3365 4585 novit,
3397 4519 3494 4574 sed
3530 4519 3760 4574 infama-

2187 4620 2303 4666 tum
2329 4610 2552 4666 audivit.
2593 4607 2669 4664 De
2691 4608 2892 4678 quibus
2929 4607 3095 4662 etiam
3124 4607 3445 4664 criminibus
3473 4609 3618 4664 idem
3649 4608 3758 4662 la-

2187 4703 2366 4757 ximus
2399 4701 2590 4774 (Item,
2617 4701 2710 4755 lib.
2737 4717 2832 4767 vn,
2855 4701 3014 4771 epist.
3041 4699 3131 4770 8'5)
3152 4715 3211 4756 se
3229 4700 3580 4770 postmodum
3601 4701 3756 4770 jura-

2185 4800 2370 4847 mento
2407 4791 2742 4864 expurgavit.
2778 4789 2837 4846 Si
2881 4791 3026 4846 enim
3053 4806 3176 4846 eum
3221 4798 3334 4844 tam
3387 4790 3757 4850 indubitatam:

2182 4881 2552 4938 Simoniacum
2581 4883 2695 4938 sive
2723 4881 3100 4949 fornicarium,
3135 4889 3197 4936 ut
3230 4877 3753 4952 prmsumptuttsum,

2178 4981 2386 5040 nosset,
2439 4974 2644 5044 absque
2687 4973 2837 5028 omni
2887 4973 3193 5039 vocatione,
3225 4971 3341 5027 sive
3384 4971 3753 5044 discussione,

505 5061 814 5125 uanitatis
851 5076 1216 5123 annunterm'e
1250 5069 1523 5138 potuiStis.
1565 5070 1701 5128 Illud
1741 5075 1902 5130 etiam
1933 5077 2078 5146 quod

2195 5077 2328 5127 usta
2359 5065 2671 5136 praedictum
2704 5065 3018 5135 apostolica:
3043 5063 3188 5119 sedis
3221 5063 3572 5140 privilegium
3599 5069 3752 5124 dam-

505 5151 846 5224 smgnlm'utn
880 5153 1209 5213 discussioni
1241 5173 1530 5216 causarum
1571 5164 1886 5235 s‘ynodicam
1919 5181 2080 5220 voca-

503 5246 713 5302 tionem
737 5246 1054 5312 praimgari
1080 5248 1264 5312 vultis,
1291 5260 1346 5306 et
1388 5250 1490 5309 nos
1545 5254 1733 5312 utique
1770 5241 2075 5310 laudamus.

2179 5172 2312 5212 nare
2337 5157 2487 5211 illum
2517 5163 2720 5226 posset.

2249 5247 2532 5312 Praeterea,
2589 5247 2634 5302 si
2685 5246 2916 5310 nullum,
2958 5245 3086 5302 licet
3113 5245 3169 5304 in
3197 5249 3426 5306 crimine
3451 5250 3756 5312 vulgatissi-
