3986 5312
145 372 287 429 1169

1032 368 1324 425 ΑΡΡΕΝΒ.
1368 368 1458 424 lll.
1497 399 1569 409 —
1605 364 2043 423 MONUMENTA
2080 369 2544 427 GREGORIANA.

3274 370 3411 429 I170

140 486 371 543 casione
396 485 659 556 plurimas
706 483 1055 555 negligendas
1094 483 1213 539 fore
1238 499 1350 538 non
1389 482 1723 539 dubitamus.
1755 481 1801 536 Α
1823 479 1975 550 juxta
2002 498 2162 552 posse
2179 499 2392 550 eorum,
2416 485 2664 540 eamdem
2684 499 2783 554 per
2806 484 3014 557 legatos
3037 497 3169 543 suos
3204 483 3412 540 distur-

144 574 255 633 Sed
301 575 674 632 Ecclesiarum
708 575 1048 630 consuetudo
1082 574 1187 629 hoc
1236 574 1471 630 obtinuit
1512 582 1574 628 ut
1618 588 1728 627 non

142 670 328 725 solum
355 670 668 739 episcopus,
716 668 813 723 sed
840 666 1008 721 etiam
1056 682 1207 722 unus
1245 667 1398 720 solus
1444 665 1728 735 presbyter

143 760 427 815 subditum
455 776 615 816 suum
638 758 928 814 manifesto
951 758 1181 813 crimine
1212 758 1533 828 obligatum,
1565 771 1731 812 eano-

142 852 271 907 nico
291 852 504 921 judicio
521 851 791 920 subjicere
825 851 1024 915 valeat,
1052 863 1154 905 nec
1179 864 1328 915 eum,
1359 849 1464 903 nisi
1504 849 1732 919 ejusju—

141 943 291 997 dicio
317 943 636 999 inobediens
661 941 951 1008 exstiterit,
978 941 1046 996 ad
1069 941 1338 1012 synodum
1361 942 1545 996 venire
1574 953 1728 995 eom-

143 1035 316 1103 pellit.

213 1125 328 1181 Nec
354 1124 549 1181 otiose‘
562 1124 1017 1182 considerandum
1047 1124 1194 1193 quod
1251 1122 1308 1177 S.
1369 1121 1561 1178 Patres
1604 1124 1732 1179 abs-

142 1230 251 1286 que
287 1216 442 1269 omni
478 1215 688 1285 synodo
719 1214 886 1268 etiam
920 1213 990 1267 de
1016 1212 1197 1268 dubiis
1227 1212 1552 1267 criminibus
1584 1211 1730 1281 judi-

142 1324 271 1363 care
297 1308 569 1373 solebant,
594 1322 704 1360 nou
730 1305 949 1375 quidem
971 1305 1214 1369 definite,
1245 1304 1342 1360 sed
1363 1304 1468 1358 sub
1492 1302 1729 1372 quadam

139 1398 435 1468 iudiciaria
466 1398 793 1454 conditione.
826 1393 981 1451 Unde
1029 1396 1087 1450 S.
1137 1396 1430 1465 Gregorius
1458 1396 1729 1449 Andream

144 1487 505 1542 Tarentinum
533 1487 870 1556 episcopum,
906 1501 1008 1555 pro
1026 1487 1259 1555 quadam
1280 1485 1583 1542 concubina
1609 1495 1733 1556 post

141 1581 546 1635 ordinationem
572 1596 726 1635 suam
766 1578 1108 1644 infamatum,
1166 1578 1239 1633 ita
1268 1579 1532 1647 judicavit
1553 1586 1614 1633 ut
1644 1593 1733 1633 sa—

140 1673 421 1729 cerdotale
442 1672 676 1727 cilicium
730 1669 950 1739 penitus
976 1670 1297 1739 deponeret;
1347 1671 1394 1725 si
1422 1684 1548 1725 eum
1598 1683 1731 1725 con-

145 1765 376 1820 scientia
427 1780 527 1820 sua
571 1765 639 1822 de
690 1764 842 1821 illato
892 1764 1122 1821 crimine
1184 1763 1511 1834 culpabilem
1581 1776 1732 1816 asse-

144 1865 314 1912 reret.

217 1949 331 2004 Sed
359 1950 476 2021 jam
516 1952 583 2007 ad
629 1968 854 2009 causam
910 1961 1156 2009 nostram
1215 1951 1523 2016 veniamus,
1570 1964 1737 2018 quam

142 2040 334 2105 etiam,
374 2050 435 2095 ut
458 2042 762 2096 evidentior
786 2043 903 2108 ﬁat,
932 2041 1171 2096 breviter
1207 2049 1262 2095 et
1286 2040 1516 2094 ﬁdeliter
1541 2037 1739 2092 litteris

144 2131 540 2185 commendare
582 2146 692 2185 non
728 2132 926 2203 pigeat,
978 2140 1040 2187 ut
1080 2148 1147 2187 ex
1198 2130 1441 2186 ﬁdelium
1492 2128 1737 2182 virorum

143 2223 457 2278 certissima
492 2225 757 2279 relatione
780 2225 1091 2289 didicimus,
1116 2237 1350 2294 quorum
1376 2223 1514 2277 alios
1539 2234 1736 2289 culpo-

146 2329 202 2370 re
229 2315 458 2384 quidem
482 2357 498 2382 ,
525 2318 635 2371 non
658 2317 859 2383 animo,
912 2316 1298 2371 Wormatiensi
1323 2312 1736 2384 conspirationi,

145 2408 284 2462 alios
307 2422 443 2462 vero
470 2408 732 2462 Romanae
765 2409 976 2480 synodo
998 2409 1142 2462 hanc
1177 2407 1426 2464 eamdem
1457 2403 1738 2461 damnauti

144 2500 339 2568 procul
378 2500 549 2554 dubio
589 2499 902 2556 interfuisse
939 2500 1318 2570 cognovimus.
1367 2498 1550 2568 (1048)
1579 2496 1738 2550 Αιιιιο

145 2591 315 2661 igitur
345 2592 649 2647 Dominicte
687 2592 1086 2648 lnearnationis
1130 2591 1287 2656 1076,
1313 2589 1575 2661 Gregorio
1601 2604 1739 2658 papa

146 2683 239 2737 Vll
268 2686 326 2739 in
352 2687 658 2756 apostolica
693 2687 819 2743 sede
853 2687 1178 2752 constituto,
1202 2701 1326 2740 cum
1350 2681 1614 2738 Henricus
1645 2698 1740 2737 rex

142 2776 257 2847 jam
281 2792 385 2847 per
403 2786 517 2835 tres
547 2794 724 2834 annos
750 2794 853 2849 pro
881 2780 998 2835 suis
1021 2778 1264 2833 reatibus
1285 2776 1351 2831 ad
1367 2774 1740 2845 paenitentiam

150 2870 437 2926 multoties
485 2871 556 2925 ab
604 2870 905 2941 apostolica
959 2871 1085 2927 sede
1134 2878 1363 2924 vocatus
1425 2865 1744 2936 resipiscere

148 2960 359 3025 nollet;
387 2975 628 3030 cumque
677 2976 735 3015 se
777 2961 833 3014 in
864 2959 1114 3030 proxima
1139 2960 1382 3014 r‘omana
1415 2957 1623 3029 synodo
1648 2970 1744 3010 ex—

146 3050 674 3105 communicandum
708 3050 824 3105 fore
881 3059 1263 3120 praenosceret,
1309 3050 1416 3104 tale
1453 3049 1743 3104 consilium

1829 573 2109 640 baverant,
2149 584 2204 630 et
2237 577 2597 645 apostolicum
2622 576 2929 646 prazsulem,
2950 575 3007 630 in
3038 574 3285 630 Romana
3322 591 3412 647 sy-

1828 666 1973 721 nodo
2001 667 2235 736 turpiter
2260 668 2721 736 blaspltemautes,
2750 682 2879 723 eum
2922 683 3033 723 non
3072 666 3409 733 confessum,

1829 772 1931 812 nec
1954 758 2188 828 alicujus
2213 758 2461 814 criminis
2484 758 2794 814 convictum
2825 759 2895 813 ab
2927 758 3229 829 apostolica
3260 757 3415 824 sede,

1830 858 1891 905 ut
1932 850 2258 906 vilissimum
2304 849 2638 920 mancipium
2665 889 2683 916 ,
2729 849 3011 920 iusserant
3060 848 3413 905 descendere.

1829 939 2095 996 Praeterea
2120 957 2188 997 ex
2221 950 2492 1011 praecepto
2530 940 2742 1010 praefati
2798 939 3020 997 Henrici
3074 939 3419 995 Francorum

1830 1034 1996 1103 regis,
2024 1050 2133 1087 non
2159 1033 2347 1103 utique
2375 1031 2607 1087 Romani
2642 1032 2774 1103 imp.
2804 1041 3020 1089 cuncta:
3050 1030 3313 1087 Romanae
3333 1045 3418 1100 sy-

1829 1125 1975 1180 nodo
2003 1124 2402 1181 contumaciter
2430 1124 2842 1190 interdixerant,
2882 1140 2950 1179 ne
2981 1123 3185 1180 domno
3205 1128 3418 1192 aposto-

1830 1215 1937 1271 lico
1960 1216 2162 1286 pastori
2177 1232 2280 1272 suo
2302 1214 2574 1271 ullatenus
2588 1216 2889 1282 obedirent,
2918 1214 3146 1286 pastori,
3170 1213 3415 1282 inquam,

1832 1324 1956 1375 suo,
1985 1309 2075 1364 cui
2101 1318 2328 1365 eatenus
2370 1307 2707 1373 obedierant,
2730 1322 2891 1378 quem
2918 1314 3145 1363 eatenus
3167 1319 3267 1374 pro
3286 1301 3417 1373 legi—-

1830 1401 1964 1456 timo
2011 1409 2251 1470 pastore,
2295 1408 2355 1454 ut
2380 1399 2662 1454 ’canonice
2704 1398 3040 1462 ordinatum,
3070 1404 3132 1450 ut
3154 1393 3420 1450 canonice

1832 1494 1888 1548 in
1919 1495 2109 1549 ordine
2157 1509 2259 1549 suo
2298 1500 2685 1548 conversatum
2744 1490 3085 1553 habuerant;
3119 1485 3209 1542 cui
3251 1483 3421 1539 etiam

1832 1587 2123 1656 prtediclns
2170 1602 2265 1640 rex
2321 1583 2559 1640 debitam
2605 1581 2972 1637 obedientiam
3019 1577 3241 1649 speciali
3292 1590 3420 1644 pro-

1833 1677 2095 1734 missione
2139 1677 2431 1735 devovee‘at
2455 1716 2469 1739 ,
2522 1689 2685 1744 quem
2738 1674 3077 1728 diversorum
3127 1679 3420 1739 regnorum

1835 1770 2093 1839 praesules
2140 1778 2193 1823 et
2241 1768 2518 1839 principes
2572 1780 2674 1837 pro
2735 1765 2794 1820 S.
2852 1762 3002 1818 Petri
3046 1759 3257 1817 vicario
3315 1757 3418 1811 hoi-

1839 1871 2189 1919 noraverant.

1910 1954 2067 2010 llunc
2096 1954 2263 2025 igitur
2301 1966 2411 2007 non
2433 1949 2772 2014 confessum,
2800 1962 2911 2003 non
2941 1944 3282 2008 convictum,
3311 1942 3425 1996 imo

1838 2063 1958 2112 nec,
1991 2046 2037 2102 si
2061 2060 2188 2100 rcus
2210 2042 2488 2109 esset,ila,
2520 2041 2606 2096 vel
2651 2040 2718 2095 ad
2746 2026 3063 2108 hujusmodi
3094 2033 3424 2091 convincen-

1837 2140 1991 2203 dum,
2015 2136 2257 2208 praedicti
2285 2134 2692 2205 conspiratores
2713 2142 2811 2203 per
2834 2130 3041 2200 legatos
3076 2139 3208 2181 suos
3226 2124 3427 2195 degrae

1837 2232 1967 2288 dare
1996 2230 2287 2284 volebant:
2313 2241 2422 2297 qua
2447 2224 2772 2287 temeritate,
2798 2221 2909 2275 imo
2933 2232 3043 2289 quo
3064 2214 3426 2271 vesanissimo

1840 2322 2024 2376 furore
2057 2336 2157 2375 nec
2178 2332 2481 2391 cauponem
2509 2331 2669 2371 suum
2696 2313 2928 2385 quilibet
2967 2308 3267 2366 destituere
3298 2318 3425 2375 per-

1838 2414 2095 2469 mitteret.
2121 2410 2280 2477 Nam,
2326 2418 2386 2463 ut
2422 2407 2481 2462 B.
2514 2407 2863 2462 Marcellinus
2883 2418 3024 2476 papa
3049 2398 3307 2456 omnibus
3332 2412 3427 2451 or-

1838 2504 2096 2561 thodoxis
2127 2502 2394 2567 scribens,
2448 2499 2643 2570 capite.
2689 2497 2775 2563 li,
2810 2503 3041 2553 testatur
3074 2510 3088 2548 :
3123 2511 3141 2544 ι
3172 2487 3447 2561 Episcopi,

1839 2595 2084 2667 pontiﬁci
2114 2610 2143 2647 a
2190 2608 2302 2664 quo
2351 2589 2656 2647 consecrati
2704 2587 3005 2659 probantur
3054 2578 3428 2653 praajudicium

1841 2686 2043 2740 inferre
2064 2685 2275 2738 nullum
2302 2690 2554 2753 possunt.
2585 2698 2603 2731 ι
2654 2677 2808 2742 item,
2832 2675 2893 2729 Β.
2922 2671 3216 2728 Anaeletus
3238 2682 3375 2739 papa
3398 2681 3447 2720 ι,

1841 2779 1901 2833 Β.
1934 2777 2095 2832 Petro
2119 2775 2399 2848 presbyter
2422 2772 2707 2829 ordinatus
2736 2768 2911 2840 (epist.
2941 2766 2997 2837 5)
3029 2782 3042 2818 :
3076 2783 3094 2816 ι
3125 2758 3458 2821 δθῐιιεηιὶειι.

1842 2868 2036 2939 inquit,
2067 2881 2287 2937 quoque
2316 2865 2489 2919 Cham
2522 2862 2618 2916 ﬁlii
2662 2858 2775 2915 Noe
2804 2857 3136 2913 damnantur
3176 2850 3271 2921 qui
3301 2862 3433 2904 suo-

1843 2977 1966 3017 rum
2009 2960 2295 3014 doctorum
2327 2956 2411 3011 vel
2459 2953 2874 3025 praepositorum
2915 2946 3132 3017 culpam
3168 2941 3432 3014 produnt,

1844 3067 1941 3107 ceu
1968 3050 2142 3107 Cham
2165 3050 2260 3119 qui
2283 3047 2454 3119 patris
2482 3045 2732 3116 pudenda
2772 3057 2883 3097 non
2905 3038 3141 3111 operuit,
3172 3035 3269 3090 sed
3290 3032 3435 3089 deri-

149 3158 179 3195 a
203 3141 563 3208 Simoniacis,
592 3143 715 3197 sive
728 3142 1217 3198 excommunicatis
1238 3142 1446 3211 accepit
1470 3150 1528 3196 ut
1552 3155 1743 3195 omnes
1772 3162 1815 3221 ε
1846 3143 2020 3198 denda
2058 3140 2383 3196 monstravit
2406 3136 2558 3209 (Gen.
2585 3135 2684 3201 Ix).
2702 3134 2905 3190 Doctor
2925 3137 3108 3221 autem
3130 3126 3214 3221 vel
3241 3131 3437 3221 pastor

149 3235 255 3289 sibi
293 3235 577 3303 subjectos
613 3236 683 3289 ab
712 3226 1013 3305 apostolico
1046 3234 1277 3305 praesule
1309 3242 1604 3303 separaret,
1636 3233 1740 3300 sic,

149 3327 299 3396 quod
343 3336 593 3382 sanctam
644 3327 945 3382 Romanam
1002 3326 1271 3399 synodum
1321 3326 1741 3394 deauctoraret,

152 3426 285 3474 tunc
317 3419 370 3473 in
392 3420 572 3489 prima
598 3417 1066 3490 Quadragesimali
1100 3417 1435 3473 hebdomada
1478 3416 1742 3485 futuram,

152 3522 206 3566 et
241 3512 394 3565 illum
437 3528 565 3567 eum
598 3512 715 3568 suis
746 3512 1102 3583 complicibus
1126 3511 1742 3567 exeommunicaturam.

155 3603 395 3673 Accepto
425 3605 595 3673 igitur
641 3604 893 3670 consilio,
931 3612 1058 3658 ante
1097 3604 1343 3658 eamdem
1370 3604 1660 3675 synodum,
1691 3603 1746 3657 in

158 3696 624 3765 septuagesimum
675 3696 924 3765 generale
956 3695 1290 3764 colloquium
1319 3695 1460 3765 apud
1490 3695 1749 3749 Wormav

157 3786 291 3841 tiam
315 3787 581 3853 condixit,
598 3801 728 3857 quo,
741 3795 950 3856 praeter
976 3787 1125 3856 regni
1145 3786 1228 3841 sui
1245 3786 1539 3857 principes,
1555 3802 1752 3857 quam-

159 3876 348 3945 plures
369 3876 663 3946 episcopos
685 3884 738 3930 et
776 3876 1016 3946 reliquos
1061 3890 1193 3932 suos
1243 3874 1425 3930 ﬁdeles
1449 3878 1531 3929 vel
1567 3876 1750 3945 potius

160 3966 427 4034 inﬁdeles,
467 3967 840 4037 congregavit.
893 3966 999 4033 Qui
1042 3982 1181 4037 pene
1225 3981 1418 4022 omnes
1449 3974 1543 4021 aut
1568 3966 1751 4020 Simo-

159 4058 330 4121 nlaci,
367 4067 461 4113 aut
488 4059 971 4124 excommunicati,
996 4068 1089 4113 aut
1129 4074 1320 4113 eorum
1348 4059 1642 4127 compliees
1677 4059 1755 4112 in-

158 4150 373 4205 dividui
418 4166 477 4206 se
512 4149 744 4204 Romani
815 4149 1089 4220 pontiﬁcis
1135 4166 1426 4205 censuram
1473 4150 1753 4205 subituros

157 4256 275 4295 non
301 4240 660 4305 dubitabant,
716 4239 762 4295 si
812 4256 909 4295 rex
944 4241 1271 4310 resipiscens
1297 4241 1608 4311 apostolicae
1638 4243 1754 4298 sedi

161 4334 432 4401 obcdiret,
469 4336 631 4404 eique
650 4335 704 4387 in
725 4334 1110 4390 ecclesiasticis
1132 4333 1366 4404 negotiis
1388 4333 1629 4389 debitum
1660 4335 1755 4390 ad-

158 4423 430 4496 jutorium
461 4410 775 4494 impendere
813 4411 988 4480 vellet.
1021 4425 1360 4496 Quapropter
1402 4440 1469 4480 ex
1505 4426 1647 4497 regis
1668 4427 1755 4481 in-

1850 3233 2133 3298 Eeclesiae,
2179 3231 2227 3286 si
2276 3247 2307 3286 a
2352 3230 2455 3285 fide
2501 3224 2916 3290 cxorbitaverit,
2959 3220 3066 3276 erit
3118 3233 3148 3272 a
3186 3215 3437 3272 ﬁdelibus

1849 3323 2241 3396 corrigendus;
2267 3320 2362 3377 sed
2401 3335 2501 3391 pro
2538 3316 2786 3387 reprobis
2833 3312 3081 3368 moribus
3121 3307 3297 3379 magis
3340 3313 3439 3387 est

1848 3415 2167 3473 tolerandus
2217 3429 2386 3485 quam
2460 3407 2886 3480 distringendus.
2927 3423 2945 3457 ι
3013 3401 3149 3459 Item
3212 3406 3439 3457 sanctus

1849 3509 2154 3566 Alexander
2178 3522 2348 3579 papa;
2375 3503 2504 3560 item
2543 3501 2601 3557 S.
2629 3501 2815 3556 Sixtus
2834 3496 3033 3571 praesul
3068 3492 3435 3565 apostolicus;

1851 3603 1945 3674 qui
1991 3616 2183 3657 omnes
2236 3596 2379 3654 mori
2426 3593 2602 3667 magis
2650 3607 2817 3664 quam
2872 3586 3092 3646 mentiri
3125 3584 3439 3641 voluerunt.

1846 3693 1914 3759 1i,
1951 3694 2197 3763 inquam,
2238 3687 2435 3759 singuli
2466 3686 2654 3742 eadem
2678 3681 3003 3740 auctoritate
3038 3676 3298 3749 praecipui
3333 3674 3444 3731 eis-

1852 3785 1973 3839 dem
2037 3798 2174 3854 penc
2235 3780 2418 3836 verbis
2469 3783 2818 3833 statuerunt:
2857 3792 2877 3826 ι
2912 3770 3107 3842 Siqui,
3162 3767 3439 3839 inquiunt,

1856 3875 2116 3928 adversus
2146 3870 2433 3941 episc0pos
2459 3882 2683 3922 causam
2716 3863 3032 3928 habuerint,
3064 3861 3218 3931 prius
3246 3858 3315 3914 ad
3345 3872 3444 3913 eos

1854 3968 2163 4023 recurrant,
2200 3956 2486 4013 eharitatis
2514 3955 2716 4018 studio,
2757 3960 2819 4006 ut
2864 3948 3120 4005 familiari
3168 3945 3442 4015 colloquio

1857 4048 2175 4107 commoniti
2200 4063 2263 4103 ea
2311 4053 2506 4101 sanent
2541 4059 2664 4114 qua:
2698 4039 2940 4098 sananda
2985 4046 3133 4094 sunt.
3168 4034 3226 4091 Si
3260 4044 3444 4091 autem

1859 4141 2025 4211 aliqui
2048 4154 2165 4203 eos,
2191 4138 2515 4209 priusquam
2545 4136 2662 4189 haec
2708 4130 2937 4203 egerint,
2990 4129 3251 4187 lacerare.
3283 4140 3443 4182 accu-

1861 4248 1985 4289 sare
2018 4274 2034 4298 ,
2089 4229 2348 4285 infestare
2416 4223 2865 4297 praesumpserint
2898 4263 2914 4288 ,
2964 4216 3445 4276 excommunieeu—

1860 4333 1968 4379 tltt‘.
2016 4341 2036 4374 ι

1935 4436 2046 4494 llas
2090 4436 2257 4508 igitur
2278 4442 2333 4490 et
2381 4432 2697 4503 hujusmodi
2736 4428 3162 4485 innumerabiles
3201 4426 3301 4482 SS.
3338 4424 3445 4480 Pa-

163 4515 424 4581 solenlia,
446 4513 739 4569 occasione
761 4524 980 4585 accepta
1020 4515 1133 4586 regi
1178 4529 1288 4569 non
1314 4524 1426 4569 tam
1449 4531 1747 4572 consensc—
1781 4512 1826 4578 D
1854 4523 1999 4583 trum
2027 4525 2328 4582 sententias
2355 4523 2402 4578 si
2434 4522 2515 4577 illi
2564 4521 2740 4577 nostri
2770 4520 3178 4590 conspiratores
3219 4517 3447 4572 ﬁdeliter

160 4612 299 4658 runt
326 4619 496 4674 quam
552 4614 945 4675 persuaserunt
982 4615 1045 4661 ut
1086 4606 1297 4659 litteras
1339 4606 1758 4676 proseriptorias

164 4696 420 4750 omnium
441 4711 634 4751 eorum
672 4696 946 4762 manibus,
983 4710 1078 4765 per
1114 4696 1572 4765 subscriptionem
1598 4698 1759 4752 robo-

166 4799 319 4845 ratas
345 4790 418 4844 ad
451 4789 810 4861 apostolicam
841 4788 1025 4843 sedem
1065 4788 1485 4855 transmitteret;
1537 4789 1757 4859 quibus,

169 4883 331 4953 quasi
365 4883 677 4953 proscripto
714 4880 973 4937 Romanae
1004 4882 1148 4938 sedis
1190 4883 1466 4954 episcopo,
1520 4883 1760 4959 synodus

164 4973 422 5032 Romana
449 4991 631 5047 regem
666 4976 1205 5030 excommunicatura
1248 4976 1606 5032 nihilominus
1640 4992 1757 5033 ces-

175 5078 412 5136 saretur,
447 5069 639 5138 sicque
688 5066 795 5137 ipsi
828 5082 950 5121 eum
988 5084 1112 5139 rege
1164 5068 1233 5123 ab
1277 5069 1589 5145 apostolicae
1615 5070 1759 5125 sedis

177 5177 407 5217 censum
434 5161 818 5215 liberarentur.
844 5158 899 5211 In
935 5159 1205 5228 prredirtis
1231 5176 1362 5219 sane
1385 5159 1611 5226 litteris,
1639 5170 1761 5230 post

176 5255 375 5282 muc'0.\4-
412 5252 643 5282 Dama-1:
976 5251 1339 5282 lb‘nnl\'lnll\:nh
1404 5254 1510 5282 "nn
1561 5252 1755 5282 εἵνεκεν-’ί

1861 4620 2251 4691 inspexissent,
2290 4618 2603 4672 nullatenus
2625 4630 2808 4680 suum,
2841 4621 2902 4667 ut
2923 4620 3051 4683 puta
3073 4609 3264 4681 prima:
3305 4608 3451 4663 sedis

1862 4713 2201 4785 episcopum,
2232 4721 2345 4766 tam
2393 4708 2677 4780 repentina
2712 4703 3135 4774 vituperatione,
3161 4718 3276 4758 non
3317 4713 3452 4753 con-
3518 4692 3523 4723 ³

1860 4815 2107 4870 ventum,
2133 4818 2243 4861 non
2269 4799 2585 4859 confessum
2619 4796 3030 4857 exsuﬁlasscnt;
3066 4805 3172 4845 nec
3214 4806 3277 4849 se
3311 4789 3471 4857 ipsos

1862 4910 1964 4967 pro
1988 4888 2100 4950 tam
2122 4892 2414 4949 temerario
2437 4903 2577 4945 ausu
2607 4887 2713 4943 sub
2739 4885 3049 4958 perniciosa
3075 4874 3469 4940 excommuni-

1863 4984 2077 5041 catione
2093 4983 2453 5039 enecuissent.
2478 4977 2702 5047 Nempe,
2728 4978 2773 5032 si
2794 4972 3085 5045 culpabilis
3108 4984 3309 5037 esset,
3333 4980 3486 5038 item“

1864 5076 2151 5151 grinorum
2176 5083 2353 5130 tamen
2374 5072 2757 5141 episcoporum
2780 5066 3012 5151 judicio,
3032 5062 3214 5133 juxta
3235 5068 3498 5151 canones,
3563 5090 3569 5097 ρ

1855 5149 1971 5225 ἰιεο
2021 5149 2400 5246 discutiendus
2421 5170 2587 5227 esset,
2607 5149 2808 5229 nedum
2840 5170 3050 5219 temere
3080 5150 3505 5229 deponendus;
3572 5161 3581 5171 ί

1874 5257 1964 5282 -4...
2000 5255 2183 5282 *Διί-ιιι

2230 5256 2281 5282 ξ-ιι
2312 5256 2552 5282 ΙΙΛ-νισιιηη
2582 5254 2790 5282 nunan
2825 5247 3141 5282 Λιιιδῗιιηιιιιο
3164 5266 3182 5280 ι

3249 5254 3303 5282 ..ε
3341 5251 3515 5282 Mn“!!!
3564 5252 3565 5255 “
3582 5252 3587 5262 ⁷
