3986 5312
567 370 696 431 ιιπ

1549 370 1636 423 AD
1674 369 1901 424 OPEBA
1941 371 1998 425 S.
2041 367 2369 427 GREGOBII
2407 368 2852 425 APPENDICES.

3678 366 3804 422 “72

568 497 701 539 nam
723 489 934 547 auctor,
957 479 1192 550 generali
1215 478 1422 551 synodo
1437 481 1732 549 praesidens
1755 498 2024 537 consensu
2040 481 2144 534 277
2173 484 2218 538 A
2245 497 2370 535 nam
2394 480 2661 552 synodum
2679 495 2776 550 per
2804 482 3008 549 legatos
3037 493 3168 533 suos
3189 480 3244 532 ln
3273 480 3462 533 eadem
3486 479 3700 550 synodo
3717 495 3806 551 pu-

569 564 988 642 Episcoporum,
1015 587 1133 640 cap.
1159 571 1210 637 7,
1226 571 1620 628 statuitdicens
1647 592 1659 626 :
1693 593 1709 625 ι
1741 573 1912 628 Nemo
1934 574 2139 645 judica-

565 662 649 720 bit
666 663 897 731 primam
938 662 1142 726 sedem,
1162 662 1434 731 justitiam
1477 672 1778 732 temperare
1822 666 2136 720 desideran-

567 759 697 806 tem.
724 750 908 820 Neque
933 751 1080 806 enim
1101 752 1171 806 ab
1192 752 1468 820 Augusto,
1495 769 1670 822 neque
1696 756 1764 808 ab
1793 755 1942 808 omni
1971 756 2138 822 clero,

565 855 744 909 neque
763 857 794 895 a
811 841 1050 911 regibus,
1077 858 1252 912 neque
1283 859 1313 897 a
1343 844 1542 912 populo
1562 844 1728 912 judex
1747 846 2132 914 judicabitur.»

565 929 698 988 Item
735 931 1096 1003 Symmachus
1119 949 1255 1004 papa
1288 935 1542 990 omnibus
1562 936 1836 1006 episcopis
1872 939 2137 1005 scribens,

563 1035 684 1090 cap.
720 1021 770 1088 7,
795 1022 1031 1079 decrevit
1049 1023 1237 1078 dicens
1268 1042 1281 1078 :
1317 1043 1336 1074 ι
1369 1025 1620 1078 Aliorum
1645 1026 1924 1080 hominum
1947 1045 2140 1084 causas

563 1110 712 1168 Deus
739 1115 912 1170 voluit
932 1131 1027 1183 per
1052 1115 1299 1171 homines
1325 1116 1636 1183 terminare,
1664 1133 1822 1171 sacro
1847 1134 1976 1172 vero
2016 1135 2143 1173 san-

563 1210 665 1257 cta:
687 1204 832 1259 sedis
879 1203 1139 1259 Romanae
1185 1206 1502 1274 prmsulum,
1535 1221 1637 1261 suo
1683 1208 1800 1262 sine
1842 1209 2143 1277 quaestione

561 1297 864 1352 reservavit
881 1295 1106 1366 judicio.
1127 1296 1256 1351 Item
1287 1297 1343 1352 S.
1367 1297 1671 1354 Alexander
1707 1315 1865 1368 papa,
1891 1301 1982 1369 qui
1999 1316 2144 1353 mar-

560 1386 705 1456 tyrio
751 1400 852 1440 sua
893 1385 1229 1440 consecravit
1279 1387 1513 1452 decreta,
1565 1401 1685 1456 cap.
1749 1388 1772 1440 1
1804 1428 1820 1454 ,
1855 1397 2086 1442 testatur
2125 1407 2138 1442 :

569 1493 589 1525 ι
618 1471 740 1528 Νοιι
779 1481 990 1542 potest,
1036 1474 1239 1544 inquit,
1287 1474 1639 1530 condemnari
1707 1475 1947 1530 humano
2011 1491 2142 1530 exaw

561 1565 712 1622 mine
738 1580 901 1635 quem
933 1565 1074 1621 Deus
1096 1582 1198 1622 suo
1219 1567 1511 1622 reservavit
1535 1566 1762 1637 judicio.
1803 1586 1822 1619 ι

636 1652 744 1708 Sed
775 1662 1020 1723 tempora
1041 1655 1196 1724 prius
1220 1670 1671 1712 consumeremus
1685 1673 1850 1727 quam
1874 1659 2139 1729 exempla,

557 1745 611 1801 si
641 1745 856 1816 singula
876 1745 1189 1815 bujusmodi
1210 1755 1522 1802 sanctorum
1545 1745 1766 1802 Patrum
1791 1756 1990 1804 statuta
2006 1764 2142 1803 enu-

560 1851 775 1892 merare
810 1845 1163 1892 tentaremus.
1199 1836 1409 1908 Quippe
1449 1839 1738 1908 praedictus
1784 1857 1922 1910 papa
1976 1841 2129 1913 Sym-

558 1925 812 1994 machus,
829 1925 1112 1980 catbolicte
1133 1925 1255 1980 ﬁdei
1273 1936 1644 1998 pr0pugnator
1661 1928 1986 1996 indefessus,
2011 1946 2136 1986 cum

560 2015 814 2089 plurimis
851 2017 1174 2078 criminibus
1228 2016 1605 2084 infamaretur,
1660 2034 1762 2073 nec
1819 2021 1888 2074 ab
1934 2021 2138 2075 Ariano

559 2118 688 2173 rege
723 2103 1064 2166 Theoderico
1091 2113 1221 2160 tunc
1259 2104 1521 2164 Romanis
1548 2108 1868 2178 imperante,
1907 2119 2018 2166 tam
2053 2120 2136 2166 te-

562 2210 714 2255 mere
733 2197 1113 2266 proscribitur,
1147 2198 1241 2253 sed
1276 2197 1331 2253 in
1362 2200 1569 2270 synodo
1611 2199 1878 2269 Romana,
1914 2217 2022 2256 non
2070 2203 2138 2258 ab

559 2285 691 2351 alio,
724 2287 830 2342 nisi
851 2287 921 2346 ab
943 2289 1035 2342 illa
1063 2288 1297 2359 legitime
1345 2292 1742 2361 congreganda,
1766 2293 2138 2349 discutiendus

561 2384 862 2446 exspectat.
896 2375 1147 2449 Synodus
1193 2380 1356 2450 igitur
1411 2381 1598 2437 Romae
1641 2398 1736 2454 per
1761 2383 2136 2439 auctoritatem

559 2464 735 2535 ipsius
758 2477 1106 2539 congregata,
1133 2471 1440 2526 nullatenus
1472 2480 1649 2526 tamen
1696 2488 1844 2540 eum,
1865 2473 1988 2528 licet
2033 2475 2138 2529 hoc

561 2561 987 2630 permittentem,
1033 2572 1220 2624 contra
1279 2565 1494 2619 decreta
1546 2574 1863 2620 sanctorum
1909 2565 2135 2620 Patrum

559 2647 832 2711 discutere
861 2653 1226 2722 praesumpsit,
1251 2654 1345 2708 sed
1372 2663 1538 2710 totam
1562 2656 1680 2725 ejus
1712 2672 1934 2712 causam
1954 2658 2137 2714 divino

556 2739 785 2814 judicio,
818 2750 876 2796 ut
904 2752 1052 2813 gesta
1074 2744 1315 2814 ejusdem
1353 2747 1544 2817 synodi
1589 2757 1875 2815 testantur,
1911 2749 2138 2804 commi-

557 2829 649 2886 sit.
678 2828 792 2892 Nec
809 2832 913 2893 hoc
935 2835 1122 2904 utique
1145 2837 1402 2903 dicimus,
1429 2839 1584 2906 quasi
1617 2840 1870 2908 quaelibet
1903 2841 2134 2896 nefanda

563 2918 816 2980 Romano
871 2926 1114 2993 pontifici
1161 2927 1382 2999 impune
1427 2929 1586 2985 licere
1632 2931 1937 2996 credamus,
1979 2932 2136 3000 quasi

560 3027 671 3068 non
694 3022 748 3068 et
774 3014 891 3083 ipse
917 3017 988 3078 sit
1010 3017 1371 3086 impetendus,
1397 3020 1442 3074 si
1470 3019 1522 3074 in
1547 3021 1725 3089 aliqua
1750 3021 1943 3076 haeresi
1975 3020 2136 3077 fuerit

546 3105 888 3176 publicatus,
914 3109 1007 3164 sed
1034 3118 1224 3170 contra
1257 3110 1377 3166 illos
1431 3111 1642 3181 agimus
1681 3112 1774 3181 qui
1812 3129 1911 3181 pro
1957 3113 2134 3166 dubiis

559 3197 726 3252 rebus
768 3199 1081 3268 apostolica:
1137 3202 1282 3258 sedis
1322 3201 1634 3273 episcopum
1667 3210 1879 3269 temere
1921 3203 2138 3272 judicat-

561 3296 765 3342 verunt
797 3291 1196 3358 expellendum.

631 3376 752 3446 Ipse
783 3380 1000 3448 quidem
1038 3392 1220 3440 noster
1267 3383 1600 3452 apostolicus
1647 3383 1923 3438 multotics
1964 3383 2066 3438 hoc
2105 3400 2136 3438 a

558 3467 680 3522 suis
704 3468 1116 3526 insidiatoribus
1147 3473 1407 3540 expetivit
1428 3481 1489 3526 ut
1523 3472 1709 3526 Romae
1757 3474 1840 3527 vel
1871 3474 1996 3526 alibi
2029 3490 2138 3542 quo

560 3557 682 3626 ipse
704 3569 892 3628 posset
911 3563 1117 3628 venire,
1144 3563 1197 3616 in
1220 3563 1426 3633 synodo
1450 3561 1824 3630 convenirent,
1854 3571 1907 3618 et
1935 3579 2000 3618 eo
2037 3565 2141 3624 hoc

560 3647 796 3709 libenter
821 3652 1172 3718 concedente,
1201 3651 1600 3709 ordinationem
1630 3654 1748 3723 ejus
1778 3654 1890 3708 sive
1915 3669 2142 3710 conven-

559 3737 849 3806 sationem,
875 3749 1150 3811 utcunque
1170 3741 1385 3808 vellent,
1405 3741 1666 3798 duntaxat
1687 3743 1944 3809 canonice
1958 3744 2140 3799 discuv

561 3837 768 3896 terent;
797 3847 962 3902 seque
992 3833 1060 3887 ab
1081 3833 1376 3902 apostolica
1401 3835 1527 3889 sede
1556 3835 1764 3907 absque
1816 3836 1962 3898 omni
2007 3852 2142 3896 con-

563 3921 890 3984 tradictione
917 3923 1309 3991 descensurum
1336 3927 1606 3996 promisit,
1637 3928 1679 3984 si
1703 3927 1832 3998 quid
1878 3928 1932 3990 in
1957 3944 2023 3983 eo
2050 3930 2136 3984 di,-

560 4026 730 4082 gnum
753 4012 1092 4084 depositione
1115 4015 1432 4085 reperirent.
1461 4016 1528 4070 Et
1554 4019 1658 4073 hoc
1685 4021 1872 4089 utique
1909 4020 2012 4075 sibi
2052 4019 2136 4074 fae-

559 4101 665 4156 cile
710 4103 856 4159 credi
908 4105 1104 4174 potuit,
1129 4107 1222 4178 qui
1256 4106 1310 4163 id
1356 4109 1615 4173 culminis
1646 4119 1838 4179 captus
1879 4120 2041 4180 atque
2071 4127 2138 4166 eo

559 4202 718 4256 actus
737 4212 863 4253 cum
887 4213 1087 4269 magno
1116 4200 1320 4269 ejulatu
1351 4201 1626 4266 ascendit;
1653 4202 1739 4260 cui
1775 4216 1877 4264 nec
1925 4203 2141 4260 divitias

559 4303 665 4348 nec
701 4290 939 4345 honores
965 4292 1253 4348 saeculares
1286 4292 1340 4347 in
1372 4293 1622 4349 Romano
1649 4294 1965 4363 pontificatu
1993 4310 2144 4364 quaa-

559 4395 682 4436 rere
711 4396 850 4454 opus
872 4380 973 4437 fuit
994 4383 1193 4453 quibus
1217 4385 1462 4455 utrisque
1493 4400 1618 4440 cum
1656 4385 1856 4443 minori
1880 4386 2142 4442 sollicitu-

559 4471 687 4530 dine
709 4483 764 4528 et
789 4483 915 4539 ante
943 4476 1318 4545 pontiﬁcatum
1347 4477 1660 4537 abundavit.

634 4564 740 4619 Sed
766 4565 884 4635 ejus
914 4566 1262 4623 insidiatores
1282 4568 1545 4630 hactenus
1566 4583 1692 4622 eum
1722 4568 2142 4638 praesentialiter

564 4656 856 4711 convenire
887 4667 1234 4727 spreverunt;
1268 4674 1380 4713 non
1407 4667 1518 4714 tam
1554 4669 1614 4714 ut
1642 4660 1882 4734 qualibet
1931 4660 2141 4715 ratione

561 4765 623 4805 se
645 4750 714 4806 ab
736 4751 1050 4820 bujusmodi
1070 4752 1419 4812 accusatione
1462 4753 1856 4822 suspenderent
1885 4769 2048 4823 quam
2081 4758 2140 4806 ut

562 4838 668 4908 ipsi
715 4840 952 4900 debitam
1011 4843 1336 4906 sententiam
1401 4857 1500 4913 pro
1549 4843 1664 4903 suis
1699 4843 2023 4905 criminibus
2069 4843 2139 4909 ab

562 4927 658 4983 illo
681 4944 788 4989 non
811 4929 1140 5000 exciperent.
1166 4929 1327 4998 Nam,
1350 4939 1412 4985 ut
1457 4931 1628 4988 beata:
1662 4931 1941 4988 memoria:
1974 4931 2138 4988 Boni-

563 5019 738 5075 facius
806 5036 945 5090 papa
994 5029 1228 5078 testatur
1278 5024 1451 5093 (epist.
1483 5024 1543 5085 2)
1575 5041 1588 5084 :
1625 5043 1644 5077 ι
1679 5024 1873 5086 Nullus
1928 5027 2142 5094 dubitat

564 5107 712 5176 quod
738 5106 814 5161 ita
831 5107 1099 5176 judicium
1134 5125 1338 5169 nocens
1393 5111 1741 5186 subterfugit,
1779 5116 2138 5184 quemadmo-

563 5199 695 5255 dum
725 5206 786 5253 ut
805 5198 1120 5254 absolvatur
1143 5203 1238 5272 qui
1263 5210 1347 5258 est
1367 5203 1631 5268 innocens
1659 5204 1872 5276 quaerit.
1903 5223 1924 5259 ι

638 5286 819 5312 “nun
862 5284 1004 5312 Α-...Ι
1043 5289 1376 5312 πτ-.....-.ε-..

2173 4491 2298 4570 Dta
2351 4481 2645 4538 Gallicanis
2699 4479 2969 4550 episcopis
3024 4477 3270 4532 scribens
3319 4495 3332 4531 :

2236 571 2586 626 blicaverant.
2618 569 2772 625 Unde
2803 569 3030 625 Romani
3056 571 3230 635 cives,
3260 570 3330 624 de
3371 578 3581 625 sancta:
3615 570 3806 626 Roma-

2237 674 2321 714 nae
2351 658 2606 716 Ecclesiae
2625 659 3075 714 dehonestatione
3121 659 3318 713 merito
3367 660 3807 728 commoti,”-

2237 754 2502 808 dictorum
2529 753 2736 823 legatos
2759 752 2908 807 omni
2936 767 3096 822 pmna
3128 751 3479 821 dignissimos
3526 753 3806 822 arripiunt,

2237 852 2291 898 et
2351 845 2431 899 vel
2490 845 2832 913 aliquatenus
2883 859 3074 898 eorum
3119 843 3582 898 immanissimum
3643 845 3809 898 scelus

2239 935 2425 989 ulcisci
2442 937 2746 989 voluerunt.
2774 934 2876 991 Sed
2902 934 3178 988 Romanus
3199 933 3474 1002 pontifex.,
3489 935 3618 988 licet
3640 949 3671 987 ε
3685 949 3809 1003 pra:-

2239 1025 2396 1080 dietis
2419 1027 2604 1097 legatis
2627 1026 2929 1096 specialiter
2957 1026 3321 1093 impeteretur,
3355 1033 3539 1079 tamen
3591 1027 3665 1079 de
3698 1041 3808 1078 ma-

2239 1116 2400 1170 nibus
2423 1115 2794 1171 Romanorum
2817 1116 3109 1172 crudeliter
3131 1130 3224 1170 eos
3244 1115 3596 1172 al'licientium
3623 1116 3710 1171 vix
3725 1117 3810 1170 de-

2240 1223 2388 1261 mum
2424 1207 2641 1276 eripuit,
2666 1216 2720 1261 et
2759 1207 2942 1262 sedata
2967 1207 3123 1260 turba
3151 1205 3404 1276 factoque
3447 1209 3692 1272 silentio,
3725 1222 3809 1260 eos

2240 1299 2306 1354 ad
2330 1299 2490 1368 pedes
2513 1313 2644 1353 suos
2661 1298 2850 1353 sedere
2873 1297 3018 1352 fecit.
3045 1297 3120 1351 Ea
3144 1297 3363 1367 quidem
3386 1299 3610 1352 ratione
3635 1306 3695 1351 nt
3714 1298 3808 1366 ipsi

2240 1390 2492 1444 audirent
2516 1389 2647 1459 quid
2677 1397 2865 1444 sancta
2901 1389 3141 1460 synodus
3191 1388 3260 1442 de
3307 1388 3630 1457 bujusmodi
3670 1389 3781 1443 sebi

2241 1480 2467 1536 smatica
2497 1480 2901 1549 conspiratione
2928 1480 2984 1533 in
3010 1479 3198 1533 eadem
3229 1479 3439 1549 synodo
3462 1479 3534 1534 ad
3557 1479 3810 1548 injuriatn

2241 1571 2413 1641 ipsius
2441 1569 2783 1625 manifestata
2811 1569 3142 1624 decerneret.

2312 1659 2559 1716 Decrevit
2586 1661 2749 1732 igitur
2770 1670 2957 1716 sancta
2974 1661 3213 1731 synodus
3235 1669 3294 1715 ut
3328 1661 3511 1717 ollicio
3550 1670 3605 1716 et
3663 1676 3814 1716 com--

2241 1749 2500 1804 munione
2523 1750 2718 1820 privati
2753 1758 2936 1804 essent
2965 1749 3288 1818 'quicunque
3339 1749 3490 1803 illam
3551 1750 3812 1803 nefariam

2237 1841 2691 1910 conspirationem
2718 1849 2773 1894 et
2785 1839 3322 1894 contumacissimam
3344 1840 3679 1910 legationem
3701 1849 3816 1894 stu-

2237 1933 2327 1988 dio
2383 1939 2436 1986 ct
2463 1932 2743 1987 voluntate
2799 1930 3146 1986 conﬂassent.
3181 1930 3429 2000 Reliquis
3472 1940 3658 1986 autem
3693 1947 3814 1985 om-

2237 2024 2397 2078 nibus
2427 2022 2670 2090 ejusdem
2712 2022 3138 2092 conspirationis
3158 2020 3543 2090 participibus,
3572 2022 3818 2076 inducias

2237 2113 2528 2178 concessit,
2557 2123 2618 2169 ut
2641 2113 2780 2168 infra
2844 2113 3190 2168 lestivitatem
3249 2110 3305 2165 S.
3329 2111 3500 2176 Petri,
3523 2121 3660 2165 tunc
3689 2128 3816 2182 pro-

2237 2206 2461 2274 ximam,
2487 2222 2544 2263 sc
2575 2213 2669 2260 aut
2697 2213 2916 2260 coactos
2955 2203 3251 2272 deliquisse
3279 2203 3819 2272 missislegatispno—

2235 2297 2447 2364 harent,
2485 2305 2578 2352 aut
2605 2297 2989 2368 pradictorum
3025 2294 3612 2361 excommunicationi,
3643 2303 3706 2348 ut
3723 2309 3815 2349 eo-

2236 2389 2358 2443 dem
2393 2389 2620 2444 crimine
2636 2388 2876 2458 obligati,
2901 2386 3264 2456 subjacerent.

2309 2479 2509 2550 Regem
2535 2495 2663 2535 vero
2687 2487 2811 2549 post
2839 2477 3038 2532 multas
3067 2477 3469 2532 admonitiones
3501 2477 3818 2547 resipiscere

2237 2573 2530 2640 nolentem,
2584 2573 2694 2625 imo
2747 2570 2910 2639 hujus
2957 2569 3320 2624 schismatica:
3393 2568 3819 2638 conspirationis

2238 2672 2534 2730 auctorem,
2556 2679 2723 2733 regno
2741 2662 3011 2731 privatum
3049 2661 3151 2714 sub
3185 2660 3560 2716 anathematis
3610 2659 3819 2714 vinculo

2237 2756 2472 2810 domnus
2494 2753 2824 2824 apostolicus
2849 2751 3055 2821 ligavit,
3077 2758 3138 2803 ut
3157 2749 3333 2806 eidem
3365 2749 3540 2804 etiam
3583 2759 3714 2804 ante
3733 2765 3816 2802 ex-

2236 2843 2784 2899 communicationem
2807 2840 3076 2910 promisit.
3102 2837 3176 2892 De
3195 2838 3356 2908 cujus
3373 2837 3818 2893 anathematismi

2237 2935 2498 2990 canonica
2522 2933 2954 3004 promulgatione
2984 2932 3194 2984 nullum
3219 2931 3474 2985 dubitare
3495 2931 3822 2985 conﬁdimus

2237 3027 2547 3096 quicunque
2570 3025 2715 3080 illam
2737 3023 3019 3092 epistolam
3047 3021 3232 3076 domni
3271 3021 3580 3091 apostoloei
3602 3020 3821 3074 ﬁdeliter

2237 3117 2680 3181 consideraverit,
2713 3116 2767 3169 in
2793 3131 2921 3185 qua,
2953 3115 3066 3184 ipse
3097 3129 3273 3183 regem
3298 3113 3501 3182 saepius
3537 3129 3571 3168 a
3598 3128 3660 3167 se
3695 3128 3821 3182 pra:-

2237 3208 2529 3272 monitum,
2562 3206 2734 3260 multo
2763 3213 3007 3274 tempore
3037 3207 3434 3273 exspectatum,
3480 3213 3536 3258 et
3587 3205 3664 3256 ita
3730 3203 3819 3257 de-

2237 3316 2388 3354 mum
2413 3298 2672 3352 canonice
2705 3296 3220 3356 anathematizatum
3250 3295 3673 3349 evidentissime
3699 3310 3819 3363 pro-

2237 3390 2405 3445 bavit.
2433 3388 2791 3458 QuaprOpter,
2816 3387 3035 3457 speciali
3065 3386 3210 3456 regis
3240 3401 3405 3440 causa
3430 3385 3817 3453 praetermissa,

2239 3481 2368 3553 quid
2398 3481 2568 3536 sancti
2593 3479 2780 3533 Patres
2805 3480 2871 3532 de
2893 3477 3204 3547 bujusmodi
3224 3477 3705 3545 conspiratoribus
3731 3491 3820 3545 gen

2240 3573 2496 3634 neraliter
2521 3571 2885 3636 deliniverint,
2916 3570 3214 3623 videamus.

2313 3661 2705 3718 Sanctissimus
2734 3675 2872 3730 papa
2897 3658 3192 3724 Fabianus,
3219 3657 3468 3711 veritatis
3519 3655 3681 3710 miles
3736 3654 3806 3709 in-

2241 3751 2510 3817 defessus,
2535 3751 2790 3808 omnibus
2822 3748 3095 3820 episcopis
3139 3747 3406 3811 scribens,
3428 3745 3698 3810 decrevit,
3737 3745 3818 3800 di-

2242 3859 2373 3900 cens
2410 3858 2422 3898 :
2454 3862 2471 3894 (
2507 3841 2564 3896 Si
2590 3842 2716 3912 quis
2743 3841 2976 3896 clericus
3006 3855 3108 3895 suo
3139 3838 3402 3908 episeopo
3455 3837 3695 3892 infestus
3731 3846 3820 3890 aut

2243 3932 2527 3991 insidiator
2549 3931 2730 3998 fuerit,
2757 3945 2994 4000 eumque
3041 3929 3323 3987 criminari
3376 3929 3695 3992 tentaverit,
3729 3935 3820 3982 aut

2243 4025 2586 4094 conspirator
2613 4022 2804 4088 fuerit,
2837 4032 2965 4076 mOx
2987 4028 3113 4078 ante
3142 4018 3519 4073 examinatum
3551 4017 3817 4087 judicium

2243 4118 2531 4176 submotus
2560 4132 2590 4178 a
2624 4116 2791 4180 clero,
2822 4113 2990 4169 curiae
3017 4112 3283 4176 tradatur,
3313 4110 3404 4164 cui
3451 4108 3648 4163 diebus
3699 4108 3820 4162 vitae

2243 4225 2357 4264 suae
2379 4209 2668 4273 deserviat,
2699 4213 2753 4262 et
2773 4203 2993 4263 infamis
3023 4204 3229 4274 absque
3269 4201 3379 4256 ulla
3402 4216 3502 4271 spe
3525 4199 3820 4255 restitutio.-

2242 4299 2330 4361 nis
2361 4306 2690 4370 permaneat.
2741 4314 2760 4350 ›

2313 4391 2444 4452 Item
2473 4389 2528 4444 S.
2554 4389 2809 4446 Callistus
2829 4403 2988 4458 papa,
3016 4385 3350 4444 fortissimus
3378 4385 3628 4440 veritatis
3652 4383 3819 4438 athleo

3394 4496 3412 4528 ι
3450 4475 3819 4546 Conspiratio-

2246 4591 2400 4641 num,
2456 4574 2652 4643 inquit,
2709 4571 2938 4626 crimina
2987 4569 3182 4626 vestris
3227 4569 3284 4622 in
3331 4569 3582 4638 partibus
3645 4568 3818 4636 vigere

2247 4664 2578 4729 audivimus,
2609 4671 2663 4717 et
2690 4661 2874 4732 plebes
2899 4668 3088 4715 contra
3110 4659 3399 4728 episcopos
3431 4674 3566 4712 suos
3598 4658 3815 4725 conspiv

2245 4772 2368 4812 rare
2403 4755 2560 4810 nobis
2604 4753 2921 4808 mandatum
2971 4760 3072 4806 est.
3105 4749 3279 4820 l‘lujus
3326 4751 3578 4805 criminis
3624 4749 3816 4805 astutia

2243 4863 2350 4904 non
2393 4845 2570 4902 solum
2611 4844 2752 4899 inter
2799 4841 3140 4901 Christianos
3187 4840 3542 4894 exsecrabilis
3590 4848 3692 4904 est,
3728 4837 3816 4893 sed

2247 4939 2409 4998 etiam
2446 4936 2588 4992 inter
2637 4934 2905 5000 ethnicos,
2967 4941 3023 4988 et
3073 4931 3142 4986 ab
3193 4931 3399 4985 exteris
3446 4931 3566 5001 lege
3634 4928 3812 4999 probio

2245 5029 2377 5086 bita.
2410 5026 2478 5082 Et
2511 5026 2713 5083 idcirco
2751 5024 2916 5094 hujus
2945 5021 3191 5081 criminis
3226 5036 3354 5076 reos
3391 5036 3502 5074 non
3538 5020 3711 5075 solum
3731 5033 3814 5072 ee-

2247 5118 2584 5183 clesiasticae,
2613 5115 2707 5172 sed
2733 5116 2898 5171 etiam
2929 5113 3116 5170 saeculi
3149 5112 3414 5167 damnant
3434 5111 3610 5181 leges;
3634 5117 3810 5163 etnon

2247 5211 2424 5266 solum
2461 5207 2857 5277 conspirantes,
2890 5205 2985 5261 sed
3039 5204 3204 5262 etiam
3265 5200 3675 5257 consentientes
3715 5198 3805 5252 eis.

3451 5309 3467 5312 _
3514 5291 3665 5312 4___I._
3714 5291 3782 5312 --Ξ
