3986 5312
235 299 373 357 H75

1111 312 1401 372 APPEND.
1442 315 1531 371 lli.
1568 345 1638 356 --
1676 315 1817 370 MON

1929 314 2109 368 ENTA
2147 308 2606 368 GRECORIANA.
2996 314 3010 324 “
3058 315 3166 326 ’“⁴

3343 299 3487 355 H75

230 416 401 468 nione
414 413 618 485 privari
649 425 704 474 et
731 418 800 474 ab
818 404 1056 476 Ecclesia
1083 434 1329 481 extorres
1359 426 1475 481 fieri
1502 426 1806 497 jusserunt.
1839 429 1886 484 Α
1910 424 2055 480 tione
2079 430 2412 493 praeventum
2447 410 2959 477 excommunicavit,
2990 427 3056 466 eo
3077 409 3222 481 quod
3268 409 3357 464 ille
3390 414 3479 463 ιιι-ἰ

230 500 321 567 Ει,
355 520 463 559 non
491 507 669 562 solum
693 506 974 577 facientes,
1012 512 1107 568 sed
1133 514 1213 569 eis
1235 516 1657 570 consentientes.
1680 533 1699 567 ι

300 592 441 650 Item
509 600 942 656 sacratissimum
983 602 1427 662 Chalcedonense
1498 608 1810 673 concilium,

230 683 531 787 ‘Evangelio
694 694 1041 750 veneratione
1080 698 1527 766 comparandum,
1568 714 1687 768 cap.
1724 697 1811 765 18.

231 776 681 850 irrefragabiliter
711 783 952 839 decrevit
969 784 1156 843 dicens
1186 805 1199 842 :
1238 807 1256 839 ι
1295 788 1353 843 Si
1371 789 1468 859 qui
1506 790 1707 854 clerici,
1729 790 1814 843 vel

224 870 495 934 monachi
520 874 718 940 reperti
746 873 949 930 fuerint
976 878 1348 948 conjurantes,
1370 888 1466 935 aut
1487 881 1814 950 conspiran-

231 962 339 1058 tes,
351 958 683 1058 autinsidias
699 972 961 1031 ponentes
970 967 1260 1038 episcopis,
1280 978 1374 1025 aut
1389 970 1621 1037 clericis,
1639 971 1811 1042 gradu

228 1050 460 1115 proprio
480 1050 697 1118 penitus
726 1053 1071 1123 abjiciantur.
1105 1076 1125 1109 ο

275 1226 287 1238 .
306 1134 470 1238 Srgo,
486 1155 632 1238 quos
648 1140 750 1238 SS.
774 1142 985 1212 Patres,
1012 1147 1175 1201 etiam
1190 1157 1317 1204 ante
1338 1150 1704 1205 examinatum
1725 1150 1817 1221 ju-

467 1231 841 1329 degradandos
860 1252 982 1329 esse
1002 1239 1087 1292 vel
1109 1240 1327 1308 penitus
1350 1242 1418 1295 ab
1442 1241 1682 1298 Ecclesia
1709 1243 1809 1297 ab—

227 1318 510 1385 jiciendos
561 1322 969 1383 districtissime
993 1328 1400 1399 judicaverunt,
1434 1333 1535 1389 hos
1580 1333 1815 1388 domnus

227 1410 574 1509 apostolicus
598 1429 696 1509 per
724 1417 986 1487 synodale
1013 1418 1283 1489 judicium
1319 1421 1454 1477 satis
1496 1421 1815 1478 misericor—

226 1498 378 1556 diter
408 1516 587 1572 usque
617 1505 685 1558 ad
707 1506 1135 1567 satisfactionem
1156 1509 1332 1566 ollicio
1360 1520 1415 1566 et
1433 1513 1817 1568 communione

228 1590 502 1693 privavit;
525 1608 647 1669 qua:
673 1607 854 1656 tamen
881 1599 963 1657 eis
985 1601 1226 1659 nondum
1248 1617 1314 1659 eo
1335 1603 1564 1661 crimine
1587 1603 1818 1673 expiatis

228 1683 711 1786 Ρετίςιιιοδαοίωο
761 1690 1073 1761 perniciosa
1128 1690 1267 1759 fore,
1297 1693 1345 1748 si
1397 1704 1813 1763 usurparcntur,

233 1787 350 1827 non
377 1777 669 1845 ignoravit.

257 1953 270 1965 .
306 1863 566 1965 Forsitan
593 1868 793 1940 aliquis
815 1885 1009 1927 eorum
1032 1873 1204 1930 dicit:
1229 1872 1347 1929 Non
1373 1889 1473 1945 pro
1528 1876 1815 1946 conspira-

229 1957 385 2010 tione
428 1957 736 2014 habendum
782 1963 929 2032 quod
979 1974 1168 2019 contra
1199 1965 1350 2020 illum
1400 1965 1602 2021 factum
1655 1965 1819 2022 fuerit

228 2061 399 2117 quem
461 2063 563 2117 pro
611 2047 865 2124 episcopo
915 2052 1114 2108 habere
1144 2054 1438 2111 noluerint.
1479 2053 1585 2110 Sed
1628 2055 1737 2122 ille,
1772 2056 1818 2113 si

230 2149 421 2195 tamen
475 2141 765 2215 episcopus
803 2152 907 2208 est,
937 2144 1162 2199 audiat:
1196 2144 1451 2215 Nunquid
1509 2155 1563 2201 et
1617 2162 1675 2201 se
1721 2162 1820 2216 pro

229 2230 494 2299 episcopo
517 2231 825 2287 habendum
846 2249 957 2288 non
968 2250 1089 2293 esse
1111 2236 1372 2302 decernit,
1395 2236 1442 2290 si
1464 2237 1589 2308 quis
1613 2252 1679 2290 ex
1701 2236 1821 2306 ejus

228 2320 471 2376 subditis
498 2337 624 2377 eum
660 2322 716 2377 in
751 2324 901 2382 nulla
948 2325 1143 2381 haeresi
1185 2326 1545 2395 publicatum,
1568 2341 1669 2381 nec
1720 2342 1821 2396 pro

230 2411 425 2480 aliquo
452 2411 680 2469 crimine
694 2413 1033 2480 damnatum,
1069 2431 1171 2487 pro
1190 2416 1445 2487 episcopo
1466 2418 1667 2474 habere
1690 2432 1824 2473 con-

232 2502 498 2571 tempsit?
516 2502 638 2559 Non
672 2506 864 2576 utique
885 2506 1183 2574 credimus,
1206 2508 1337 2564 dum
1371 2508 1506 2564 adeo
1539 2509 1619 2564 eis
1648 2509 1824 2579 sapiat

232 2593 601 2663 episcopatus.
632 2595 775 2666 Ergo
794 2613 903 2652 non
963 2598 1230 2670 denegent
1276 2614 1378 2655 suo
1421 2600 1622 2669 pastori
1674 2600 1822 2670 quod

231 2682 342 2738 sibi
371 2701 402 2738 a
430 2685 667 2741 subditis
692 2688 809 2744 suis
839 2688 1047 2743 nollent
1069 2689 1358 2760 denegari;
1386 2690 1478 2746 sed
1508 2691 1665 2761 juxta
1688 2691 1823 2746 illud

234 2775 412 2829 sancti
454 2774 652 2832 Leonis
699 2778 976 2834 decretum
1022 2798 1037 2833 :
1092 2799 1111 2831 ‹
1144 2779 1549 2848 Obedientiam,
1581 2797 1745 2852 quam
1791 2797 1823 2836 a

236 2865 476 2922 subditis
498 2867 616 2924 suis
644 2870 888 2940 exigunt,
912 2871 1079 2925 etiam
1105 2871 1211 2940 ipsi
1230 2872 1454 2941 praelato
1491 2888 1594 2927 suo
1618 2874 1824 2943 depen-

238 2956 396 3011 dant.
426 2957 637 3029 Quippe
690 2969 745 3016 et
806 2961 909 3031 ipsi
936 2977 1062 3016 eum
1112 2963 1275 3017 etiam
1309 2978 1376 3018 eo
1400 2973 1663 3034 tempore,
1695 2981 1823 3021 cum

238 3049 644 3118 conspirarent,
677 3068 776 3123 pro
800 3053 1059 3122 episcopo
1085 3053 1393 3110 habendum
1446 3054 1616 3112 fuisse
1662 3057 1823 3112 modo

241 3139 655 3209 demonstrant;
685 3144 774 3197 cui
802 3158 901 3213 pro
923 3144 1110 3199 eadem
1145 3145 1547 3216 conspiratione
1575 3148 1642 3202 ad
1666 3148 1826 3204 satis-

243 3228 542 3287 factionem
567 3234 754 3289 venire
799 3250 910 3291 non
951 3245 1187 3294 cessant.
1220 3255 1237 3287 ι
1274 3235 1497 3307 Nempe,
1520 3238 1569 3293 si
1622 3239 1826 3296 nullius

242 3324 671 3392 conspirationis
693 3335 844 3382 reatu
857 3326 1077 3383 obnoxii
1100 3335 1433 3395 tenerentur,
1449 3329 1564 3383 sine
1578 3330 1826 3401 exemplo

244 3423 430 3467 tamen
456 3414 583 3485 ju-re
603 3416 1025 3484 damnarentur;
1051 3418 1168 3488 qui,
1205 3419 1322 3474 sine
1340 3421 1588 3491 exemplo
1632 3433 1826 3477 contu-

245 3505 484 3560 maciam
516 3522 671 3564 suam
694 3507 748 3566 in
774 3507 1019 3565 Romana
1046 3510 1254 3580 synodo
1274 3510 1572 3580 publicare,
1603 3520 1658 3569 et
1678 3512 1830 3566 insu-

246 3611 346 3665 per
367 3597 614 3651 eamdem
634 3599 900 3671 synodum
926 3600 1233 3656 disturbare
1243 3612 1726 3674 praesumpserunt.
1744 3602 1832 3659 ln-

248 3702 472 3742 cassum
511 3703 571 3743 se
618 3689 829 3760 absque
879 3692 1132 3763 synodica
1191 3694 1478 3750 vocatione
1542 3695 1831 3753 damnatos

247 3788 689 3852 conquerantur,
707 3797 833 3836 cum
855 3792 911 3836 et
930 3783 1036 3839 hoc
1059 3784 1114 3838 in
1140 3784 1566 3853 provincialibus
1610 3786 1832 3857 synodis

249 3884 354 3946 pro
382 3870 645 3926 canonico
663 3871 1001 3927 custodiatur
1023 3880 1085 3926 ut
1115 3872 1401 3944 cujuslibet
1414 3873 1756 3929 contumacia
1777 3873 1834 3928 in

252 3960 465 4031 synodo
489 3962 783 4031 publicata,
821 3964 1134 4021 nullatenus
1160 3972 1319 4021 exeat
1373 3964 1662 4033 impunita,
1683 3963 1831 4031 licet,

252 4051 325 4111 ad
350 4052 523 4121 ipsam
562 4054 831 4124 synodum
859 4054 1373 4113 deauctorizandam
1401 4054 1474 4110 ibi
1526 4063 1834 4127 perpetrata

254 4158 370 4198 non
393 4144 695 4216 detegatur.
860 4212 870 4218 ,

327 4233 597 4291 Praeterea
633 4234 893 4293 Romanae
912 4237 1058 4295 sedis
1078 4237 1385 4310 episcopus,
1401 4237 1559 4308 juxta
1614 4237 1835 4308 privile-

240 4325 411 4416 'gium
429 4342 611 4395 suum,
644 4327 830 4398 utjam
859 4328 1282 4403 praelibavimus,
1316 4328 1522 4399 absque
1551 4328 1702 4382 omni
1743 4344 1827 4400 syl

1907 516 2057 586 juste
2068 513 2365 568 Adriauum
2392 511 2662 564 Thebana:
2690 506 2840 561 urlis
2877 504 3187 573 episcopum
3210 501 3481 570 deponere

1911 601 2337 674 praesumpserit.
2359 598 2450 653 Sic
2480 598 2665 666 utique
2694 603 2750 649 et
2776 601 2960 648 uoster
2993 588 3323 660 apostolicus
3365 586 3482 657 epi-

1913 707 2109 762 scopos
2136 691 2450 744 indubitatae
2480 684 2841 743 contumacia
2871 697 2981 737 non
3001 687 3227 735 vocatos
3251 691 3478 733 excom—

1913 784 2193 838 municare
2215 783 2417 853 potuit;
2460 780 2554 851 qui
2579 796 2687 834 non
2711 794 2881 833 unum
2903 773 3245 832 solummodo
3268 772 3483 841 episco-

1912 891 2063 946 pum,
2097 874 2194 929 sed
2220 882 2389 928 totam
2411 872 2711 926 Romanam
2757 868 3025 940 synodum
3073 862 3485 920 deauctorizare

1911 973 2275 1022 tentavcrunt.
2304 963 2441 1018 lllud
2465 978 2598 1019 sane
2625 961 2929 1030 exemplum
2956 958 3032 1012 illi
3054 954 3226 1010 nostri
3257 951 3480 1019 conspi-

1911 1064 2121 1111 ratores
2140 1070 2323 1110 secum
2350 1068 2506 1123 agere
2528 1058 2871 1121 putaverunt,
2896 1049 3048 1117 juxta
3071 1045 3227 1114 cujus
3245 1042 3480 1117 edictum

1914 1160 1973 1200 se
2000 1142 2391 1199 rationabiliter
2413 1138 2916 1195 excommunicatos
2951 1146 3073 1190 esse
3107 1147 3217 1186 non
3266 1129 3487 1185 dubita-

1911 1235 2069 1301 bunt,
2088 1234 2135 1288 si
2178 1247 2461 1289 sacrorum
2505 1244 2777 1287 canonum
2810 1228 3041 1283 lectores
3089 1222 3274 1297 potius
3315 1232 3483 1291 quam

1911 1340 2257 1398 perversores
2291 1338 2412 1379 esse
2443 1320 2737 1375 noluerint.

1982 1415 2206 1472 Frustra
2237 1428 2455 1486 quoque
2484 1411 2825 1482 proclamant
2849 1421 3034 1461 secum
3072 1402 3341 1475 agendum
3368 1399 3489 1456 fore

1912 1522 1979 1564 eo
1998 1505 2278 1579 iudicandi
2306 1504 2515 1570 ordine,
2543 1501 2637 1557 ubi
2667 1497 3016 1555 manifestum
3047 1495 3249 1551 factum
3278 1493 3502 1550 crimen-

1914 1614 2036 1655 esse
2065 1596 2375 1667 dubitatur.
2427 1591 2586 1658 Nam,
2633 1600 2693 1646 ut
2743 1589 2905 1645 nobis
2932 1588 3179 1653 videtur,
3227 1585 3295 1640 de
3336 1583 3491 1638 nullo

1916 1686 2060 1742 facto
2088 1702 2157 1740 an
2194 1686 2401 1741 crimen
2440 1683 2511 1738 sit
2542 1691 2625 1738 est
2664 1678 3042 1743 dubitandum,
3069 1675 3214 1746 quod
3252 1672 3493 1730 definitis

1847 1778 1890 1834 Β
1916 1785 2231 1834 sanctorum
2246 1774 2470 1830 Patrum
2492 1771 2776 1829 sententiis
2798 1768 3118 1841 generaliter
3140 1780 3240 1837 pro
3260 1764 3493 1820 crimine

1916 1868 2233 1925 damnatum
2264 1864 2666 1922 manifestatur.
2704 1860 2763 1916 Si
2803 1860 2946 1916 enim
2978 1874 3040 1913 ea
3071 1871 3194 1927 quae
3218 1854 3293 1911 illi
3327 1866 3489 1924 gene-

1919 1961 2103 2015 raliter
2123 1967 2177 2015 et
2203 1956 2533 2032 synodaliter
2556 1953 2882 2025 prohibuere
2906 1966 2974 2005 an
3000 1949 3172 2017 culpa:
3196 1946 3313 2001 sint
3330 1943 3489 1999 dubi-

1916 2052 2239 2117 taverimus,
2265 2048 2619 2103 nihilominus
2649 2045 2717 2100 de
2752 2058 2940 2099 eorum
2967 2038 3205 2104 statutis,
3236 2052 3305 2091 an
3341 2035 3493 2105 iusta

1921 2142 2031 2199 sint
2058 2140 2308 2196 dubitare
2349 2137 2674 2193 videbimur.
2710 2133 2867 2201 Quod
2893 2131 2956 2185 B.
2986 2129 3097 2184 Leo
3123 2142 3282 2199 papa,
3320 2124 3492 2180 Leoni

1919 2232 2166 2303 Augusto
2217 2230 2463 2287 scribens
2508 2229 2683 2301 (epist.
2736 2223 2850 2296 78),
2902 2221 3118 2294 penitus
3164 2216 3444 2289 prohibuit
3472 2233 3499 2269 τ

1927 2341 1945 2374 ι
1981 2322 2114 2388 Quae
2139 2320 2407 2393 patefacta
2436 2327 2584 2384 sunt,
2608 2316 2802 2386 inquit,
2825 2327 3087 2384 quaerere,
3115 2324 3237 2380 qua
3254 2306 3496 2378 perfecta

1922 2421 2051 2469 sunt
2077 2420 2402 2478 retractare;
2446 2424 2567 2480 quae
2602 2415 2732 2463 sunt
2761 2404 2980 2461 deﬁnita
3010 2399 3331 2466 convellere,
3362 2400 3496 2469 quid

1921 2504 2069 2559 aliud
2089 2513 2356 2575 estquam
2387 2503 2453 2557 de
2476 2500 2684 2570 adeptis
2711 2497 2941 2569 gratiam
2970 2509 3079 2548 non
3101 2491 3323 2557 referre,
3347 2497 3402 2545 et
3423 2491 3495 2544 ad

1921 2596 2220 2653 interdicta:
2249 2594 2460 2649 arboris
2484 2592 2663 2647 cibum
2696 2588 2973 2659 improbos
3004 2585 3273 2655 appetitus
3302 2582 3499 2637 morti-

1922 2687 2051 2744 feras
2076 2686 2389 2757 cupiditatis
2425 2682 2747 2737 extendere?
2773 2696 2791 2731 ι
2824 2678 2969 2733 Idem
3000 2677 3056 2731 in
3096 2673 3451 2745 sequentibus
3478 2690 3499 2725 ετ

1928 2801 1948 2835 ‹
1978 2780 2053 2835 De
2080 2779 2265 2845 rebus,
2293 2776 2490 2845 inquit,
2517 2782 2571 2828 et
2590 2772 2729 2843 apud
2758 2768 2992 2826 Nicaeam
3015 2775 3069 2822 et
3092 2766 3234 2836 apud
3260 2763 3494 2819 Chalce-

1922 2870 2123 2929 donam
2165 2868 2327 2939 (sicut
2368 2865 2478 2919 Deo
2519 2860 2742 2934 placuit)
2784 2856 3044 2923 deﬁnitis,
3084 2855 3291 2909 nullum
3331 2852 3500 2907 aude-

1925 3236 2124 3308 inquit,
2153 3234 2309 3288 aliter
2327 3247 2490 3304 quam
2521 3227 2693 3285 sancti
2715 3224 2907 3279 Patres
2948 3228 3187 3278 statuere
3210 3216 3496 3288 praesumi-

1927 3337 2036 3394 tur,
2067 3328 2185 3383 sine
2219 3324 2568 3380 cunctatione
2592 3316 2914 3375 cassabitur.
2947 3333 2966 3365 ι

1998 3417 2140 3488 Ergo
2167 3414 2243 3470 illi
2272 3414 2449 3470 nostri
2480 3411 2884 3480 conspiratores
2918 3402 3266 3460 manifestum
3295 3398 3504 3455 factum

1928 3526 2090 3566 suum
2120 3524 2190 3564 an
2218 3505 2426 3563 crimen
2456 3512 2601 3560 esset
2644 3502 2921 3557 incassum
2955 3497 3153 3553 discuti
3185 3494 3495 3557 voluerunt,

1929 3601 2075 3672 quod
2099 3608 2153 3655 et
2185 3598 2289 3670 ipsi
2319 3614 2349 3652 a
2371 3596 2608 3652 definitis
2628 3600 2944 3650 sanctorum
2972 3587 3193 3642 Patrum
3219 3583 3502 3667 sententiis

1930 3664 2030 3765 pro
2058 3664 2285 3748 crimine
2314 3688 2629 3744 damnatum
2654 3682 3018 3740 indubitanter
3039 3683 3324 3733 noverunt.
3349 3664 3509 3763 linde

1931 3748 2065 3851 ἰιοη,
2116 3791 2175 3837 ut
2209 3779 2392 3837 dubiis
2433 3777 2755 3835 criminibus
2801 3770 3055 3843 obligati,
3100 3784 3200 3840 per
3254 3748 3509 3820 inducias

1931 3854 2088 3931 erant
2114 3871 2493 3942 exspectandi;
2536 3868 2667 3935 imo,
2704 3874 2767 3922 ut
2797 3873 3167 3927 contumaces,
3194 3866 3248 3914 et
3278 3854 3508 3927 apertis-

1935 3966 2057 4023 simi
2086 3978 2361 4019 canonum
2388 3967 2807 4029 contemptores,
2839 3956 3046 4023 absque
3071 3950 3329 4007 dilatione
3351 3955 3509 4003 erant

1934 4056 2260 4123 damnandi;
2293 4054 2359 4109 de
2386 4052 2587 4123 quibus
2623 4048 2805 4104 divina
2848 4044 3129 4112 Scriptura
3166 4036 3506 4109 apertissime

1934 4147 2136 4212 sanxit,
2162 4153 2223 4200 ut
2254 4141 2684 4213 Carthaginense
2720 4133 3010 4191 concilium
3060 4145 3180 4200 cap.
3225 4129 3259 4183 5
3293 4126 3501 4182 consti-

1936 4239 2060 4306 tuit,
2089 4253 2199 4292 non
2238 4243 2324 4291 est
2365 4230 2658 4289 diil‘erenda
2695 4223 2983 4288 sententia,
3016 4221 3111 4276 sed
3137 4217 3318 4290 potius
3356 4228 3512 4271 esse-

1939 4329 2171 4401 quenda.
2194 4325 2348 4382 Unde
2364 4332 2417 4379 et
2434 4321 2494 4376 S.
2517 4317 2812 4390 Gregorius
2832 4311 3132 4369 Mariniano
3151 4305 3353 4373 abbati,
3373 4311 3503 4368 etc.,

259 4395 409 4476 nodo
461 4395 730 4477 damnare.
772 4395 970 4493 potest,
1013 4422 1097 4476 vel
1146 4395 1499 4477 reconciliare
1565 4395 1838 4490 quoslibet
1868 4472 1913 4493 ἢ
1940 4395 2187 4476 scribens
2238 4416 2413 4489 (epist.
2464 4412 2578 4485 27),
2615 4416 2866 4472 testatur,
2916 4404 3103 4459 dicens
3149 4419 3162 4454 :
3200 4418 3220 4449 ί
3256 4397 3314 4452 Si
3343 4410 3408 4451 ea
3435 4395 3506 4450 de

260 4513 627 4581 damnandos.
651 4515 735 4573 vel
770 4514 1221 4570 reconciliandos.
1266 4512 1357 4567 Sic
1406 4511 1551 4571 enim
1570 4472 1662 4564 is.
1702 4511 1835 4566 Gre-
1868 4472 1915 4528 Β
1942 4472 2145 4580 quibus
2170 4472 2326 4561 VDeus
2351 4472 2700 4558 vehementer
2735 4493 3028 4552 odenditur
3062 4488 3275 4559 insequi
3300 4487 3389 4540 vel
3421 4486 3512 4539 ul-

261 4604 454 4676 gorius
527 4606 596 4660 ad
676 4605 997 4662 Januarium
1065 4604 1438 4659 Caralitanum
1517 4602 1835 4675 episcopum

262 4693 513 4750 scribens
555 4693 670 4763 (lib.
720 4699 994 4763 vu,eptst.
1021 4693 1140 4764 67),
1201 4694 1545 4753 consiliarios
1588 4693 1837 4763 ejusdem

264 4786 511 4857 episcopi
538 4786 687 4841 nulla
710 4786 970 4858 synodica
1006 4787 1288 4841 vocatione
1311 4793 1635 4855 praeventos,
1661 4801 1839 4861 usque

266 4877 335 4932 ad
350 4874 781 4932 satisfactionem
811 4890 843 4931 a
863 4875 1247 4931 communione
1261 4874 1492 4949 privavit
1515 4893 1530 4941 ;
1558 4890 1654 4945 per
1700 4891 1841 4946 quo-

1941 4574 2075 4657 cisci
2112 4597 2441 4660 differimus,
2473 4593 2542 4648 ad
2581 4587 2927 4646 irascendum
2974 4582 3162 4654 utique
3198 4574 3519 4633 Divinitatis

1943 4690 2259 4764 patientiam
2294 4699 2673 4759 provocamus.
2707 4702 2726 4734 ι

2014 4781 2146 4835 item
2173 4779 2274 4850 pia:
2295 4756 2572 4831 memoriae
2594 4772 2866 4827 Damasus
2883 4781 3020 4839 papa
3050 4758 3385 4850 scribensa'd
3404 4756 3523 4813 Ste-

1946 4849 2187 4941 phanum
2230 4866 2698 4936 archiepiscopum
2751 4856 3117 4921 Mauritaniae,
3167 4862 3249 4909 et-
3281 4849 3523 4918 reliquos

265 4986 390 5024 rum
418 4970 710 5025 consilium
758 4968 898 5023 idem
947 4968 1237 5040 episcopus
1261 4942 1695 5022 vDominico—rum
1717 4942 1735 4946 ⁷
1755 4968 1843 5023 die
1945 4963 2232 5033 episcopos
2255 4958 2452 5015 Africae
2477 4976 2491 5010 :
2538 4974 2560 5006 ί
2587 4954 2695 5020 (ὶυί
2718 4961 2920 5025 Pomm,
2952 4945 3163 5017 inquit,
3196 4942 3440 5023 01m“,
3470 4946 3527 4991 ⁸⁸

266 5075 507 5116 messem
529 5058 890 5130 quorumdam
914 5057 1120 5113 furiosa
1135 5022 1317 5112 incute
1343 5056 1606 5112 exaravit.
1634 5054 1845 5112 Nihilo-
1948 5022 2267 5124 perturbare
2301 5058 2607 5121 perversos,
2646 5052 2703 5099 et
2724 5022 2849 5099 non
2893 5037 3051 5098 facit,
3079 5035 3237 5105 nihil
3264 5022 3412 5085 aliud
3444 5033 3532 5078 est
3585 5079 3594 5093 ,
