3986 5312
1483 229 1575 284 AD
1611 227 1838 285 OPERA
1877 226 1935 282 S.
1974 221 2302 281 GREGORII
2336 215 2779 276 APPENDICES.

503 341 868 414 anathematis
892 329 1107 400 dicatur
1129 342 1542 415 praetermisisse
1556 327 1732 411 quam
1770 337 2084 410 apostolicae
2111 337 2158 394 A
2183 333 2328 390 cium
2379 333 2448 388 de
2494 331 2583 386 bis
2631 329 2796 385 rebus
2849 326 2917 383 de
2958 326 3158 398 quibus
3203 323 3384 383 adhuc
3431 321 3755 380 dubitamus.

502 433 650 492 sedis
677 435 960 507 privilegio
979 434 1385 507 prasjudicasse.

573 523 816 598 Singulis
848 533 1028 584 autem
1068 527 1488 598 objectionibus,
1524 525 1659 592 sive,
1699 531 1760 580 ut
1785 523 1968 580 verius
1995 522 2080 578 di-

502 629 648 684 cam,
694 618 1210 689 reprehensionibus
1257 619 1698 689 censpiratorum
1749 615 2078 686 respondere

501 723 612 764 non
639 709 1009 766 necessarium
1044 706 1402 777 aestimamus,
1429 709 1631 780 quibus
1663 707 1880 778 culpam
1920 721 2078 761 suam

498 799 809 856 nullatenus
837 807 1292 870 expurgaverant,
1330 799 1425 854 sed
1459 813 1715 869 perversa
1749 797 2077 866 interpreta-

496 889 646 944 tione
693 887 1119 960 Scripturarum,
1165 889 1414 946 Romano
1457 889 1700 960 pontiﬁci
1742 887 2074 959 derogando,

497 979 706 1036 crimen
743 996 906 1036 suum
941 981 1365 1052 duplicaverant.
1403 979 1540 1036 Nam
1586 981 1887 1052 perjurium
1931 979 2077 1049 quod

495 1085 622 1127 cum
667 1070 863 1128 fecisse
913 1073 1260 1145 conﬁngunt,
1313 1072 1530 1130 etiamsi
1578 1087 1772 1127 eorum
1825 1071 2077 1126 subditus

492 1171 661 1230 esset,
701 1165 1040 1234 Oportuisset
1081 1159 1264 1220 tamen
1311 1173 1373 1220 ut
1407 1179 1534 1221 eum
1582 1179 1693 1218 non
1739 1161 2073 1228 confessum,

490 1255 646 1325 prius
676 1255 873 1312 fecisse
899 1257 1286 1313 convincerent
1307 1272 1470 1328 quam
1500 1255 1633 1310 illud
1677 1255 1734 1310 in
1763 1269 1829 1308 eo
1854 1262 1966 1308 tam
1995 1262 2076 1324 ty-

491 1349 718 1406 rannice
761 1349 1151 1406 vindicassent.
1177 1348 1335 1416 Quod
1371 1349 1438 1416 si,
1469 1359 1529 1402 ut
1565 1347 1794 1418 lingunt,
1832 1347 2076 1416 jurasset

491 1447 554 1497 ut
599 1457 698 1512 per
725 1456 1055 1497 consensum
1088 1440 1306 1496 Henriei
1343 1440 1486 1511 regis
1521 1437 1802 1493 Romanus
1830 1435 2071 1507 pontifex

491 1531 774 1603 eligendus
793 1541 961 1600 esset,
987 1547 1272 1605 nunquam
1311 1540 1514 1596 tamen,
1541 1530 1690 1600 quod
1715 1539 1770 1585 et
1796 1545 1892 1584 vos
1915 1537 2072 1584 caute

490 1622 838 1695 praevidistis,
875 1623 1144 1680 obviando
1167 1623 1437 1694 Romanae.
1455 1621 1737 1676 electionis
1763 1620 2068 1693 privilegio,

489 1728 554 1770 se
581 1715 1043 1780 anathematizare
1078 1715 1316 1781 deberet,
1350 1704 1662 1784 praecipue,
1681 1728 1807 1768 eum
1836 1727 2074 1768 canones

489 1805 676 1864 dicant
711 1823 725 1860 :
757 1805 1010 1862 Definitio
1054 1807 1273 1862 incauta
1301 1806 1644 1861 laudabiliter
1681 1813 1766 1860 est
1795 1804 2069 1860 solvenda.

492 1895 606 1956 Nec
625 1899 1004 1968 praevaricatio
1033 1908 1138 1967 est,
1171 1900 1265 1956 sed
1290 1899 1612 1955 temeritatis
1636 1898 1964 1954 emendatio.

560 1990 845 2061 Amplius:
899 1991 958 2047 Si
1005 1993 1131 2062 quis
1173 1993 1504 2048 anachoreta
1541 1993 1625 2047 vel
1668 1991 1938 2060 inclusus,
1979 1976 2075 2061 qui

487 2081 794 2138 solitariam
817 2083 991 2138 vitam
1011 2082 1126 2139 Deo
1146 2083 1460 2139 ﬁrmissime
1485 2083 1832 2153 promiserat,
1863 2083 1930 2137 ad
1959 2083 2074 2152 epi-

486 2175 763 2244 scopalem
805 2175 1036 2246 gradum
1079 2183 1426 2245 expetuntur,
1465 2174 1716 2244 nunquid
1747 2173 2071 2244 promissio-

486 2279 614 2320 nem
637 2281 817 2331 suam,
844 2266 971 2321 licet
992 2266 1312 2321 cautissime
1338 2265 1557 2332 factam,
1587 2265 1761 2336 magis
1783 2281 1947 2336 quam
1969 2265 2074 2321 Εε-

487 2355 670 2413 clesiae
685 2345 910 2414 causam
931 2359 1210 2414 attendere
1233 2357 1539 2413 debebunt?
1565 2355 1685 2412 Non
1707 2358 1884 2427 plane.
1915 2356 2071 2424 Quod

487 2456 545 2504 et
579 2449 755 2506 nostri
793 2449 1200 2520 conspiratores
1233 2465 1346 2504 non
1386 2448 1539 2504 inviti
1575 2448 1902 2514 concedunt,
1935 2464 2074 2518 quo-

488 2554 614 2596 rum
637 2541 862 2612 quidam
894 2541 964 2597 ad
1004 2540 1378 2612 episcopatum
1419 2541 1582 2596 etiam
1629 2540 1934 2596 monachali
1969 2543 2070 2596 ha-

485 2627 602 2686 bitu
640 2630 859 2700 penitus
887 2631 1102 2702 abjecto
1128 2631 1506 2687 convolarunt.
1543 2631 1688 2702 Ergo
1711 2631 1756 2686 si
1781 2639 1835 2686 et
1868 2632 2071 2688 cautis—

485 2719 624 2776 sima
653 2721 950 2792 promissio
974 2737 1074 2793 pro
1101 2738 1268 2778 causa
1296 2722 1553 2778 Ecclesiae
1585 2721 1930 2778 laudabiliter
1960 2723 2070 2778 sol-

481 2809 629 2868 .vitur
663 2822 870 2882 quanto
891 2815 1068 2884 magis
1094 2815 1150 2871 in
1175 2830 1341 2871 causa
1367 2829 1490 2885 qua:
1509 2813 1672 2869 etiam
1717 2815 1820 2870 sub
1843 2816 2070 2871 anathe-

481 2912 626 2959 mate
661 2903 874 2975 impleri
919 2905 1260 2976 prohibetur.
1301 2903 1413 2961 Nec
1454 2905 1558 2961 hoc
1593 2905 1785 2976 utique
1811 2906 2064 2976 dicimus,

482 2997 642 3066 quasi
664 2997 928 3056 domuum
947 2998 1309 3070 apostolicum
1335 2999 1410 3054 ita
1437 3014 1680 3070 unquam
1705 2998 1924 3070 jurassc
1948 3014 2068 3055 cre-

2250 425 2325 480 De
2337 423 2667 480 Simoniacis
2689 421 2855 492 igitur
2876 427 3258 492 precamur,ut
3277 417 3574 490 prudentia
3593 425 3758 472 vestra

2178 517 2338 572 nobis
2369 515 2611 586 apertius
2639 513 2928 578 edisserat,
2951 511 2997 567 si
3025 519 3080 566 et
3114 509 3191 565 illi
3224 525 3326 581 pro
3367 504 3647 565 haereticis
3676 503 3759 562 de-

2175 617 2458 682 putentur,
2502 607 2597 679 qui
2638 615 2859 678 propter
2902 619 3092 660 sacros
3114 603 3334 659 ordines
3375 600 3568 672 aliqua
3597 600 3758 655 eccle-

2177 701 2395 756 siastica
2435 699 2632 764 ofﬁcia,
2678 706 2738 752 ut
2767 695 3072 763 decaniam,
3118 694 3546 766 praepositumm
3584 701 3761 747 emunt

2176 791 2262 845 vel
2290 791 2548 846 vendunt.
2583 787 2704 843 Non
2735 803 3000 858 negamus
3032 785 3251 856 quidem
3291 794 3345 840 et
3373 800 3476 840 eos
3509 783 3762 855 probabi-

2173 882 2300 938 liter
2340 895 2504 952 posse
2549 879 2735 935 vocari
2787 878 3150 944 Simoniacos,
3195 884 3384 946 utpote
3421 876 3492 930 de
3540 875 3764 946 spiritali

2176 972 2352 1028 ofﬁcio
2381 972 2642 1028 smculare
2683 971 2898 1026 lucrum
2931 977 3258 1040 quaerentes,
3291 983 3436 1039 quos
3467 974 3525 1021 et
3555 967 3630 1020 ab
3663 966 3765 1022 eis-

2175 1065 2298 1120 dem
2320 1064 2512 1120 oﬁiciis
2535 1065 2694 1135 juxta
2715 1079 2958 1119 canones
2982 1061 3262 1133 pellendos
3289 1076 3412 1117 esse
3444 1076 3765 1127 censemus;

2175 1157 2268 1213 sed
2307 1173 2407 1212 cur
2430 1171 2531 1228 pro
2561 1155 2830 1212 haereticis
2855 1156 2966 1210 sint
2989 1154 3305 1225 deputandi,
3333 1170 3402 1234 ex
3431 1152 3766 1210 testimoniis

2177 1250 2276 1307 SS.
2309 1251 2536 1306 Patrum
2563 1251 2866 1306 evidentius
2887 1249 3070 1305 doceri
3093 1249 3376 1305 vellemus.

2249 1342 2483 1399 Sanctus
2557 1343 2809 1398 videlicet
2869 1341 3166 1412 Gregorius
3231 1341 3288 1395 in
3355 1341 3602 1395 decretis
3655 1340 3764 1396 suis

2174 1432 2346 1503 (epist.
2377 1432 2466 1503 55)
2499 1432 2630 1487 illud
2661 1413 2968 1502 specialiter
3003 1429 3370 1485 Simoniacam
3414 1431 3654 1484 haeresis:
3680 1447 3766 1483 vo-

2171 1537 2298 1578 care
2348 1522 2592 1590 videtur,
2639 1538 2765 1578 cum
2811 1537 3008 1576 manus
3051 1520 3330 1590 impositio
3383 1534 3490 1590 pro
3533 1519 3762 1588 pecunia

2171 1615 2374 1670 emitur
2395 1603 2779 1670 vel'vcnditur.
2823 1612 2958 1668 Illud
2993 1613 3154 1668 etiam
3201 1611 3362 1667 nobis
3393 1610 3643 1666 scribere
3677 1611 3761 1666 di-

2107 1694 2148 1748 Β
2175 1703 2438 1774 gnemini,
2463 1705 2510 1759 si
2531 1711 2585 1758 et
2607 1703 2682 1758 illi
2703 1720 2804 1773 pro
2823 1703 3095 1758 btereticis
3120 1703 3414 1768 habentur,
3444 1703 3544 1772 qui
3577 1700 3760 1772 (1050)

2173 1809 2270 1863 per
2291 1794 2436 1848 aliud
2464 1810 2665 1849 munus
2692 1794 2797 1850 nisi
2833 1809 2865 1848 a
2893 1809 3055 1848 manu
3098 1808 3256 1848 sacra
3278 1791 3455 1847 olIicia
3487 1803 3760 1861 emerunt,

2174 1893 2257 1939 vel
2281 1885 2662 1940 vendiderunt.
2686 1883 2822 1938 Nam
2846 1884 2969 1938 illos
2992 1882 3166 1953 magis
3200 1882 3527 1936 ambitiosos
3550 1882 3758 1936 censeri

2174 1977 2435 2030 vellemus
2457 1992 2621 2046 quam
2649 1974 2976 2029 Simoniaeaz
3004 1973 3226 2029 haeresis
3247 1973 3542 2038 obnoxios,
3567 1987 3638 2026 ne
3668 1988 3760 2040 pe-

2173 2065 2322 2120 nitus
2347 2065 2717 2121 ecclesiastica
2741 2072 3082 2119 sacramenta
3112 2063 3610 2134 proscriberentur,
3641 2077 3759 2133 qua:
3811 2098 3824 2105 -

2171 2171 2308 2224 pene
2329 2155 2556 2209 omnino
2578 2156 2842 2210 hactenus
2874 2170 2904 2208 a
2932 2153 3065 2209 solis
3101 2153 3420 2224 hujusmodi
3453 2149 3759 2208 ambitiosis

2173 2255 2437 2316 usurpata
2464 2261 2573 2300 non
2603 2245 2941 2316 ignoramus.

2245 2331 2320 2390 De
2358 2349 2424 2389 eo
2461 2343 2642 2388 autem
2676 2334 2824 2404 quod
2857 2332 3098 2390 scribitis
3125 2343 3472 2389 sacramenta
3509 2349 3539 2388 a
3583 2331 3758 2388 Simo-

2171 2424 2328 2480 niaco
2371 2425 2613 2480 nondum
2657 2423 2933 2494 publicato
2974 2432 3258 2494 usurpata,
3300 2425 3496 2478 scienti
3537 2425 3754 2495 quidem

2170 2526 2281 2567 non
2302 2526 2425 2568 esse
2447 2520 2814 2579 sacramenta,
2840 2511 2934 2568 sed
2955 2511 3246 2568 nescienti:
3272 2513 3506 2568 necdum
3530 2513 3758 2568 ﬁdeliter

2169 2604 2469 2676 intelligere
2515 2605 2815 2676 potuimus.
2869 2603 3006 2660 Nam
3051 2605 3349 2660 essentiam
3406 2621 3595 2659 rerum
3647 2620 3751 2660 non

2170 2696 2308 2750 solet
2327 2697 2380 2750 in
2407 2698 2744 2752 contrarium
2776 2695 2975 2752 ducere
2996 2697 3356 2752 contrarietas
3385 2698 3747 2768 opinantium.

2168 2784 2312 2856 Ergo
2353 2787 2400 2842 si
2441 2795 2784 2842 sacramenta
2819 2802 3042 2857 quoquo
3070 2786 3232 2841 modo
3255 2787 3528 2842 veraciter
3558 2787 3628 2842 ab
3656 2788 3752 2842 ali-

2167 2893 2279 2946 quo
2323 2875 2636 2932 Simoniaco
2679 2876 3061 2943 conﬁciuntur,
3103 2877 3380 2947 quomodo
3425 2877 3594 2933 alicui
3633 2879 3748 2948 ejus

2167 2965 2417 3022 haeresim
2457 2967 2651 3022 scienti
2697 2967 3002 3023 inconfccta
3041 2969 3309 3026 veraciter
3336 2969 3749 3040 probabuntur?

480 3053 721 3157 huius”
1034 3053 1274 3146 ώχίώέ
1296 3099 1378 3160 ut,
1407 3053 1625 3147 etiai'nsi
1662 3053 1882 3148 ίεᾏίὲέέί
1921 3053 2066 3162 dum
2093 3060 2134 3116 C
2165 3053 2436 3159 Credibile
2477 3057 2698 3162 quidem
2741 3054 2956 3114 videtur
3003 3060 3310 3129 corporales
3353 3076 3444 3116 res
3484 3061 3541 3115 in
3593 3061 3747 3116 altari

478 3192 593 3236 non
616 3177 764 3248 fecit,
788 3195 902 3236 non
925 3181 998 3236 ob
1025 3182 1132 3238 hoc
1157 3191 1340 3238 tamen
1364 3183 1438 3238 ita
1471 3183 1921 3253 proscribendum
1944 3198 2066 3241 esse

476 3269 858 3341 probaremus.

555 3359 850 3418 Sententiae
867 3371 1050 3418 autem
1083 3362 1184 3418 SS.
1212 3363 1458 3431 Patrum,
1483 3381 1624 3436 quas
1650 3374 1975 3421 enumerant
1995 3367 2062 3422 de

479 3454 874 3524 compescenda
905 3457 1254 3524 praelatorum
1295 3457 1570 3525 superbia,
1601 3457 1714 3511 sive
1746 3456 1813 3512 de
1835 3457 2062 3513 damna-

476 3546 628 3604 tione
647 3547 956 3612 temcraria,
981 3563 1041 3603 se
1063 3549 1212 3618 ipsos
1241 3549 1476 3603 maxime
1504 3550 1804 3618 percellunt
1828 3549 1923 3618 qui
1950 3565 2060 3604 non

477 3635 645 3690 modo
689 3636 744 3690 in
782 3635 1050 3706 subditos,
1110 3638 1203 3693 sed
1247 3637 1304 3692 in
1351 3639 1528 3708 ipsum
1571 3639 1857 3709 praelatum
1899 3655 2059 3694 suum

477 3739 618 3781 nova
639 3729 1063 3798 praesumptione
1097 3729 1501 3799 superbierant,
1541 3745 1704 3800 quem
1737 3731 1806 3784 ab
1840 3740 2032 3802 aposto

477 3815 587 3872 lica
623 3817 774 3884 sede,
820 3824 881 3872 ut
927 3834 1145 3875 servum
1185 3835 1370 3887 suum,
1423 3821 1751 3877 descendere
1793 3823 2056 3894 singulari

475 3909 823 3970 contumacia
847 3921 1234 3982 praeceperant.
1263 3912 1369 3968 Sed
1397 3913 1513 3969 haec
1537 3914 1820 3970 hactenus.

545 3995 915 4069 Omnipotenti
961 4001 1074 4059 Deo
1122 4005 1424 4075 condignas
1475 4013 1656 4076 grates
1699 4020 2054 4076 compensare

473 4089 788 4160 nequimus,
812 4093 970 4161 cujus
993 4095 1167 4164 gratia
1191 4096 1350 4151 nobis
1370 4097 1642 4153 concessit
1671 4105 1731 4152 ut
1752 4097 1807 4153 in
1827 4098 1931 4153 hoc
1961 4115 2052 4168 pe-

469 4177 730 4238 riculoso.
749 4187 988 4249 tempore
1037 4181 1092 4235 in
1131 4197 1242 4252 quo
1263 4198 1455 4240 omnes
1477 4201 1600 4256 qua:
1623 4201 1722 4242 sua
1751 4195 1878 4241 sunt
1901 4203 2052 4257 quae-

469 4275 604 4323 runt
629 4267 852 4338 (Philip.
884 4269 968 4338 n),
999 4285 1110 4324 non
1132 4286 1256 4341 quae
1274 4271 1401 4327 Jesu
1427 4274 1654 4340 Christi,
1679 4275 2047 4333 adulterantes

470 4357 1064 4464 verbumibominijll
1089 4360 1212 4417 Cor.
1251 4362 1334 4433 ιι),
1356 4379 1473 4420 .vos
1503 4366 1694 4422 saltem
1724 4367 2042 4436 habeamus,
2081 4408 2122 4464 ι)

470 4451 560 4506 cui
611 4452 812 4508 veritas
864 4453 1050 4509 audita
1091 4469 1255 4512 nares
1301 4470 1412 4510 non
1449 4457 1765 4526 contrahat;
1801 4460 1914 4515 imo
1957 4461 2046 4517 cui

468 4542 802 4612 praeconium
847 4543 1097 4600 veritatis
1129 4555 1338 4616 quanto
1377 4547 1622 4615 liberius,
1653 4559 1805 4607 tanto
1832 4552 2046 4609 dulcius

467 4631 663 4702 sapiat.
710 4631 830 4687 Non
862 4634 1009 4689 enim
1047 4635 1137 4690 alii
1168 4644 1280 4702 tam
1310 4637 1624 4705 liberaliter,
1658 4649 1770 4695 tam
1807 4642 2040 4699 infucata.

464 4719 615 4790 loqui
639 4739 1124 4794 praesumeremus;
1157 4743 1319 4798 quem
1352 4743 1461 4784 non
1496 4739 1606 4784 tam
1643 4732 1924 4788 veritatem
1953 4750 2042 4790 re-

465 4826 588 4864 rum
630 4829 797 4884 quam
834 4815 1059 4886 aliquod
1103 4817 1376 4887 privatum
1421 4819 1662 4876 studium
1707 4836 1804 4892 per
1833 4823 2041 4895 singula

464 4899 948 4971 interpretaturum
999 4915 1336 4976 putaremus.
1386 4907 1526 4976 Hoc,
1575 4910 1832 4981 inquam,
1887 4913 2040 4970 nefas

463 5001 610 5048 esset
648 4994 716 5050 de
748 4995 906 5052 vobis
936 4997 1022 5052 vel
1049 4999 1319 5068 suspicari
1345 5017 1358 5052 :
1391 4999 1486 5070 qui
1525 5001 1706 5071 ipsum
1734 5017 2039 5073 praeconem

454 5081 706 5154 veritatis
745 5099 844 5152 pro
890 5087 1134 5142 sacrario
1176 5076 1412 5158 Spiritus
1457 5092 1631 5147 sancti
1669 5094 2038 5150 venerandum

2164 3147 2374 3216 positas
2394 3163 2492 3218 per
2511 3149 2902 3213 sacerdotalem
2924 3151 3353 3208 benedictionem
3382 3167 3449 3207 ex
3475 3168 3748 3209 consensu

2164 3236 2419 3295 Ecclesiae
2445 3240 2499 3294 in
2525 3239 2706 3296 divina
2728 3256 2889 3312 posse
2912 3242 3153 3298 converti
3183 3252 3552 3313 sacramenta,
3586 3245 3745 3299 etiam

2162 3326 2304 3382 inter
2323 3345 2520 3384 manus
2539 3331 2941 3399 haereticorum,
2959 3333 3200 3388 nondum
3225 3341 3404 3389 tamen
3431 3335 3486 3388 in
3504 3334 3744 3391 Ecclesia

2161 3421 2586 3491 publicatorum.
2635 3422 2787 3490 Quae,
2829 3423 3075 3494 inquam,
3116 3435 3459 3482 sacramenta
3503 3430 3744 3498 proscri-

2160 3513 2288 3568 bere
2316 3513 2602 3581 timemus;
2629 3515 2712 3569 vel
2741 3515 2882 3585 apud
2920 3516 3066 3571 illius
3101 3516 3410 3585 scientiam,
3441 3520 3540 3589 qui
3569 3521 3740 3588 solus,

2159 3603 2243 3657 vel
2284 3603 2422 3658 alter
2470 3605 2828 3661 sacriﬁcantis
2871 3605 3111 3661 haeretici
3156 3609 3472 3677 cognoverit
3518 3610 3742 3666 demen-

2157 3695 2311 3762 tiam,
2345 3696 2518 3751 satius
2542 3697 2700 3752 nobis
2732 3697 3008 3753 videretur
3043 3707 3103 3752 ut
3135 3699 3322 3752 eadem
3347 3708 3400 3754 et
3427 3699 3534 3770 ipsi
3567 3702 3740 3756 h:ere-

2157 3787 2266 3842 tico
2295 3788 2624 3854 conﬁcienti,
2653 3796 2708 3843 et
2745 3789 2838 3844 alii
2875 3789 2995 3860 ejus
3035 3790 3286 3845 haeresim
3325 3790 3524 3847 scienti
3559 3809 3740 3849 sacra~

2156 3887 2338 3934 menta
2358 3895 2480 3935 esse
2502 3881 2832 3948 crederetur,
2859 3896 3022 3951 quam
3045 3881 3231 3936 eadem
3257 3898 3379 3938 esse
3400 3891 3456 3940 et
3484 3900 3600 3940 non
3621 3902 3744 3942 esse

2155 3970 2527 4038 statuerimus,
2569 3971 2816 4027 videlicet
2849 3981 2908 4028 ut
2944 3972 3132 4027 eadem
3169 3973 3374 4031 oblatio
3395 3983 3450 4030 et
3487 3975 3737 4032 offerenti

2154 4060 2409 4118 haeretieo
2437 4063 2550 4119 sive
2574 4063 2695 4134 ejus
2729 4063 2880 4120 socio
2905 4065 2972 4119 ad
3002 4064 3434 4132 damnationem,
3462 4067 3734 4138 ignoranti

2151 4163 2335 4208 autem
2355 4155 2626 4211 catholico
2647 4157 2714 4210 ad
2739 4156 2968 4212 salutem
2992 4157 3360 4226 provenirent.
3385 4157 3524 4214 Nam
3552 4159 3608 4215 S.
3633 4160 3734 4215 Au-

2149 4249 2422 4319 gustinus,
2456 4249 2549 4304 ubi
2591 4251 2926 4322 neophytos,
2965 4251 3092 4305 licet
3129 4261 3252 4306 ante
3288 4255 3732 4310 communionem

2149 4343 2340 4407 morte?
2357 4350 2682 4412 praeventos,
2707 4359 2818 4399 non
2843 4353 3023 4398 tamen
3043 4360 3139 4400 eos
3161 4358 3506 4404 sacramento
3531 4347 3732 4420 privari

2149 4443 2399 4504 testatur,
2423 4452 2532 4492 non
2553 4437 2620 4492 de
2641 4453 2720 4504 re,
2745 4438 2839 4493 sed
2855 4438 2922 4493 de
2949 4439 3148 4493 virtute
3175 4445 3505 4498 sacramenti
3527 4445 3730 4499 dixisse

2145 4530 2378 4595 videtur,
2403 4538 2463 4584 ut
2485 4530 2574 4584 ille
2611 4534 2938 4586 sacramenti
2973 4531 3172 4588 virtute
3192 4550 3302 4590 non
3326 4546 3534 4604 careat,
3567 4555 3725 4608 quem

2145 4631 2387 4678 extrema
2421 4622 2720 4678 necessitas
2757 4640 2786 4677 a
2831 4625 2962 4679 reali
2995 4626 3382 4682 communione
3419 4629 3720 4698 suspendit.

2145 4716 2212 4772 Et
2250 4732 2352 4772 nos
2386 4717 2573 4788 utique
2603 4733 2816 4785 omnes,
2851 4718 2897 4773 si
2928 4719 3208 4776 catholicae
3236 4719 3361 4775 ﬁdei
3394 4736 3506 4775 non
3535 4737 3719 4778 cessa-

2145 4827 2270 4868 mus
2299 4812 2605 4882 c00perari,
2661 4827 2945 4883 nunquam
2981 4813 3100 4882 ejus
3147 4815 3477 4869 sacramenti
3525 4815 3718 4871 virtute

2142 4905 2440 4978 privamur,
2468 4904 2596 4960 licet
2619 4905 2794 4974 ipsam
2815 4919 2930 4960 rem
2953 4907 3276 4962 sacramenti
3304 4909 3486 4964 rarius
3507 4925 3717 4966 sumere

2142 4999 2436 5065 soleamus,
2483 4999 2563 5052 sic
2599 4999 2790 5068 utique
2825 4997 3040 5054 facilius
3070 5015 3167 5055 vos
3199 5000 3501 5072 intelligam
3526 5018 3713 5074 posse-

2140 5109 2284 5160 mus,
2297 5093 2344 5147 si
2365 5093 2617 5148 diceretis
2637 5094 2932 5164 quemlibet
2953 5093 3355 5151 Catholicorum
3379 5097 3450 5152 ab
3469 5113 3536 5153 eo
3555 5113 3710 5168 quem
