3986 5312
163 228 297 291 H77

1047 246 1331 304 APPEND.
1372 247 1457 304 ιιι.
1498 280 1536 290 ο-
1604 207 2041 312 hostium“
2079 257 2542 315 CREGORIANA.

3274 258 3412 315 H73

156 351 281 406 ﬁde.
331 347 466 415 Hoc,
512 350 759 424 inquam,
800 355 1195 430 intelligibilius
1243 363 1401 418 nobis
1442 365 1734 433 videretur,
1765 369 1813 425 Α
1838 371 2306 438 sanctiﬁcationis,
2331 389 2453 442 quae
2486 372 2670 442 utique
2692 370 2889 436 forma,
2917 370 3030 425 sive
3055 380 3276 441 accepta
3297 371 3407 424 vir-

157 463 322 519 quam
355 447 498 503 idem
523 450 680 519 panis
704 451 760 505 in
783 451 965 507 divina
998 465 1336 510 sacramenta
1360 457 1660 526 confectus,
1684 468 1738 521 et

156 552 266 592 non
298 538 582 596 confectus
612 542 900 598 diceretur.
940 542 1193 614 Apertius
1229 530 1394 616 igitur
1419 550 1576 603 nobis
1606 550 1735 604 inti-

154 639 302 683 mate
326 631 459 700 quid
482 630 548 686 de
577 633 891 703 hujusmodi
928 638 1285 692 sacramentis
1320 638 1614 695 debeamus
1646 640 1737 711 ju-

154 726 361 781 dicare.

226 817 524 875 Sententia:
549 831 730 876 autem
758 831 952 878 vestrae
977 822 1044 878 de
1073 823 1338 878 ordinatis
1368 825 1437 878 ab
1459 824 1735 893 hmretico,

151 909 352 964 iterum
377 912 693 968 ordinandis
717 930 748 967 a
766 912 1069 981 Catholico,
1103 914 1233 969 illud
1266 931 1565 985 repugnare
1597 916 1738 971 vide-

151 1010 261 1069 tur,
287 1006 435 1074 quod
473 1007 823 1076 quamplurcs
860 1007 1237 1061 haereticorum
1278 1007 1507 1062 clericos
1546 1008 1611 1063 ad
1642 1024 1735 1063 ca-

151 1096 413 1151 tholicam
444 1098 602 1153 ﬁdem
636 1115 932 1154 conversos
961 1099 1016 1152 in
1051 1099 1337 1153 ordinibus
1362 1100 1476 1155 suis
1506 1100 1738 1170 legimus

150 1196 424 1257 acceptos,
460 1207 569 1245 non
606 1191 791 1262 utique
820 1201 1251 1258 reconsecratos,
1283 1192 1531 1248 videlicet
1563 1203 1621 1247 ut
1645 1192 1737 1246 Ni-

150 1294 366 1334 cmnum
390 1281 705 1346 concilium,
746 1284 987 1353 capitulo
1016 1283 1049 1337 8
1074 1281 1427 1350 Novatianos,
1454 1294 1507 1339 et
1529 1284 1732 1341 Africa-

150 1391 307 1442 num,
340 1392 460 1446 cap.
488 1378 589 1443 55,
622 1375 936 1432 Donatistas
970 1377 1310 1447 recipiendos
1371 1394 1490 1434 esse
1530 1379 1583 1432 in
1623 1380 1737 1434 suis

150 1468 471 1535 ordinibus,
523 1484 634 1524 non
679 1470 1177 1535 reconsecrandos,
1230 1470 1487 1525 decrevit.
1538 1469 1739 1542 Nempe

148 1556 435 1613 Nicarnum
477 1561 768 1615 concilium
816 1561 1162 1617 solummodo
1204 1562 1433 1617 clericos
1467 1562 1739 1617 Pauliani—

149 1660 363 1707 starum
385 1668 417 1706 a
437 1650 735 1708 Catholieis
755 1653 1149 1709 reordinandos
1172 1653 1474 1720 constituit,
1501 1670 1735 1722 quorum

149 1744 315 1799 etiam
362 1745 669 1815 baptizatos
702 1762 732 1801 a
771 1744 1070 1802 Catholicis
1104 1745 1459 1815 haptizandos
1488 1760 1608 1800 esse
1643 1746 1737 1800 de—

149 1838 338 1891 crevit.
374 1835 502 1892 Ιῐίεο
527 1838 673 1892 enim
697 1838 922 1894 hatresis
946 1853 1056 1893 non
1080 1836 1314 1894 faciebat
1334 1836 1734 1893 invocationem

152 1926 205 1981 S.
232 1913 543 1984 Trinitatis.

217 2017 496 2075 Damasus
528 2027 709 2075 autem
746 2036 886 2091 papa
918 2019 1091 2091 (epist.
1120 2019 1197 2091 5),
1226 2020 1471 2076 scribens
1503 2021 1570 2075 ad
1604 2020 1738 2075 Pro-

149 2124 373 2178 sperum
407 2109 598 2179 prima:
621 2111 763 2166 sedis
786 2110 1053 2167 Numidiae
1072 2113 1387 2182 episcopum
1411 2121 1466 2167 et
1498 2112 1737 2182 reliquos

146 2201 469 2270 episcopos,
520 2210 717 2257 vestra:
767 2204 1051 2259 sententia:
1113 2204 1180 2258 de
1241 2204 1738 2262 reordinationibus

148 2292 439 2361 astipulari
468 2293 702 2358 videtur,
733 2293 779 2348 si
818 2303 999 2349 tamen
1030 2296 1087 2349 in
1121 2296 1419 2366 exemplari
1440 2312 1551 2352 non
1592 2296 1735 2351 falli-

148 2395 270 2434 mur
298 2397 313 2435 :
349 2399 368 2432 ι
398 2379 504 2436 Per
530 2382 677 2435 illam
704 2382 948 2438 illicitam
972 2400 1168 2441 manus
1194 2368 1620 2456 impositionem,
1654 2387 1739 2441 in-

146 2473 285 2545 quit,
327 2483 390 2528 ut
429 2475 594 2544 paulo
636 2476 889 2547 superius
924 2479 1350 2548 prmlibavimus,
1392 2480 1737 2535 vulneratum

145 2576 312 2634 caput
337 2564 413 2619 illi
438 2566 533 2636 qui
558 2567 879 2624 videbantur
907 2570 1114 2642 aliquid
1135 2573 1413 2649 accepisse
1441 2572 1734 2628 habebant.

145 2654 231 2721 Et,
266 2656 362 2711 ubi
399 2658 601 2714 vulnus
644 2658 875 2715 inﬁxum
904 2671 1007 2729 est,
1040 2678 1263 2721 necesse
1285 2674 1370 2720 est
1411 2664 1736 2720 medicinam

144 2747 431 2815 adhibere,
467 2765 575 2819 qua
612 2749 778 2806 inﬁxa
820 2760 1048 2807 sanetur
1074 2756 1308 2821 macula,
1354 2757 1408 2812 id
1438 2768 1543 2826 est,
1577 2760 1740 2815 reite-

144 2840 256 2894 rari
286 2856 517 2897 necesse
546 2851 643 2913 est
688 2843 834 2914 quod
874 2844 1111 2916 legitime
1141 2856 1323 2905 actum
1355 2858 1451 2904 aut
1478 2852 1736 2908 collatum

145 2933 375 3001 minime
416 2935 703 3004 probatur,
743 2936 792 2991 si
828 2936 1130 3007 perfectum
1166 2954 1289 2996 esse
1319 2942 1554 2998 debebit.
1598 2941 1736 3000 Nam

143 3027 427 3096 quomodo
456 3026 722 3084 honorem
743 3030 919 3100 possit
942 3031 1180 3089 retinere
1198 3034 1292 3103 qui
1322 3034 1392 3089 ab
1411 3035 1504 3092 illo
1531 3036 1738 3105 accepit

144 3118 241 3197 qui
272 3126 599 3201 potestatem
642 3120 775 3176 dare
815 3121 1054 3192 legitime
1088 3139 1195 3179 non
1247 3125 1456 3191 habuit,
1493 3127 1737 3183 invenire

145 3225 256 3264 non
285 3224 512 3280 possum
536 3209 742 3282 (1051).
777 3231 797 3265 ι

215 3299 427 3357 Harum
452 3302 622 3373 igitur
641 3304 1040 3360 sententiarum
1061 3309 1476 3378 repugnantiam
1503 3324 1735 3366 concor-

143 3392 279 3448 dare
300 3394 603 3462 nescimus,
627 3396 735 3453 nisi
763 3397 871 3454 hoc
897 3399 1210 3457 auctoritati
1233 3401 1378 3457 sedis
1401 3403 1733 3470 apostolicae,

142 3501 273 3540 cum
310 3501 587 3541 consensu
617 3496 820 3544 sanctae
845 3490 1039 3545 matris
1075 3489 1332 3549 Ecclesia:
1359 3493 1568 3549 licitum
1598 3493 1738 3549 forte

141 3577 419 3645 dicamus,
453 3586 515 3632 ut
538 3592 641 3647 pro
662 3579 845 3648 aliqua
870 3581 1135 3649 temporis
1165 3584 1491 3638 necessitate
1519 3584 1737 3639 ordina-

140 3675 232 3721 tas
260 3665 335 3721 ab
362 3666 656 3734 haereticis,
687 3682 783 3737 per
824 3667 1228 3727 invocationem
1268 3671 1325 3725 S.
1359 3672 1643 3728 Trinitatis
1679 3674 1735 3728 in

139 3757 341 3813 ordine
381 3774 485 3813 suo
513 3774 628 3814 non
666 3760 1135 3819 reconsecrandos
1168 3763 1450 3832 suscipiat,
1479 3781 1620 3834 quos
1649 3746 1740 3821 ta-i

141 3866 273 3905 men
319 3850 618 3920 aliquando
661 3852 731 3906 ad
768 3852 1161 3917 evidentiorem
1206 3854 1476 3910 haeretica:
1516 3857 1739 3912 ordina-

138 3943 316 3998 tionis
336 3943 794 4013 proscriptionem
812 3945 1183 4001 reconsecrari
1204 3946 1499 4015 praecipiat.
1522 3947 1738 4004 Nullam

136 4033 294 4088 enim
334 4033 810 4092 consecrationem
849 4036 1102 4091 videntur
1143 4036 1418 4106 aliquibus
1464 4040 1739 4109 accepisse

139 4126 211 4180 ab
242 4125 518 4181 haereticis
544 4126 748 4197 quippe
768 4127 883 4197 jam
906 4128 1112 4183 dudum
1135 4129 1285 4187 omni
1307 4130 1539 4198 spiritali
1565 4132 1738 4202 gratia

138 4217 392 4287 privatis,
420 4228 485 4273 ut
513 4218 574 4272 Β.
619 4218 788 4276 Judas
814 4222 1096 4290 apostolus
1122 4222 1190 4277 dc
1228 4222 1432 4277 eisdem
1468 4230 1696 4280 testatur
1720 4246 1734 4281 :

144 4328 163 4360 ι
202 4308 272 4363 Hi
305 4320 455 4377 sunt,
491 4311 692 4380 inquit,
718 4312 814 4381 qui
842 4322 1130 4383 segregant
1152 4322 1217 4368 'se
1246 4314 1416 4383 ipsos,
1447 4316 1733 4388 animales,

1837 470 1952 539 tute
1980 464 2451 529 sanctiﬁcationis,
2486 478 2550 517 ex
2577 478 2847 518 consensu
2879 470 3080 517 sancta:
3108 461 3359 517 Ecclesia:
3380 477 3413 517 a

1836 555 2117 610 conversis
2161 556 2479 621 retineatur,
2524 554 2638 609 sive
2680 569 2775 625 per
2811 553 3151 608 iterationem
3194 553 3412 623 penitus

1835 646 2243 717 proscrihatur,
2280 648 2349 701 ad
2374 662 2614 717 prmsens
2648 661 2757 700 non
2792 645 3032 701 occurrit
3061 645 3206 714 quod
3241 645 3411 699 ratio-

1837 738 2089 792 nabiliter
2111 738 2272 807 objici
2298 739 2470 807 possit
2494 736 2697 809 (1052).
2730 734 2865 790 Nam
2896 734 2986 791 illa
3013 737 3268 805 objectio,
3292 753 3415 806 qure

1835 831 1968 887 dicit
2009 832 2410 887 invocationem
2447 840 2651 887 sanctae
2690 829 2994 897 Trinitatis,
3037 829 3163 884 licet
3198 830 3267 883 ab
3301 830 3413 885 ha:-

1836 922 2017 992 retico:
2038 921 2236 977 factam
2268 937 2376 976 non
2418 937 2541 976 esse
2576 920 2984 987 annullandam,
3026 918 3182 974 facile
3218 918 3415 974 refelli-

1836 1022 1946 1080 tur,
1979 1030 2103 1069 cum
2132 1013 2393 1070 ecclesias
2427 1012 2555 1067 item
2590 1013 2660 1067 ab
2682 1013 2954 1067 lmreticis
2986 1027 3081 1082 per
3115 1011 3417 1065 invocatio-

1805 1116 1964 1161 ‘nem
2007 1105 2063 1160 S.
2102 1104 2387 1161 Trinitatis
2417 1113 2762 1161 consecratas
2800 1118 3181 1160 reconsecrare
3220 1102 3413 1173 jubea-

1836 1212 1981 1263 mur,
2020 1205 2079 1251 ut
2125 1196 2181 1250 S.
2220 1195 2458 1252 Joannes
2496 1196 2695 1266 praesul
2742 1195 3098 1265 apostolicus,
3132 1193 3277 1247 illius
3313 1207 3416 1247 no-

1836 1288 2230 1359 minis’primus
2255 1288 2485 1343 diversis
2514 1287 2785 1356 episcopis
2811 1287 3075 1351 scribens,
3108 1286 3416 1341 decrevisse

1837 1380 2035 1452 legitur
2060 1380 2161 1450 (ep.
2190 1382 2247 1452 2)
2274 1399 2287 1435 :
2329 1400 2347 1432 ι
2378 1378 2669 1445 Ecclesias,
2705 1378 2901 1448 inquit,
2935 1377 3262 1433 Arianorum
3293 1377 3417 1430 ubis-

1838 1487 2055 1542 cunque
2093 1471 2432 1537 inveneritis,
2470 1469 2766 1525 catholicas
2801 1485 2896 1526 eas
2924 1467 3126 1523 divinis
3167 1467 3418 1537 precibus

1837 1573 1890 1618 et
1918 1564 2172 1633 operibus
2194 1564 2400 1633 absque
2424 1563 2532 1618 ulla
2559 1578 2712 1616 mora
2735 1568 3073 1631 consecrate,
3095 1559 3223 1629 quia
3244 1567 3297 1613 et
3317 1572 3418 1611 nos

1838 1654 2090 1722 fecimus,
2135 1672 2258 1710 cum
2294 1670 2394 1725 pro
2418 1670 2585 1710 causa
2623 1651 2951 1707 Theoderici
2984 1651 3127 1723 regis
3154 1649 3422 1705 Constan-

1838 1748 2065 1818 tinopoli
2100 1746 2411 1801 fuissemus.
2447 1765 2466 1797 ι

1908 1839 2109 1910 Nempe
2141 1839 2283 1893 sacri
2310 1837 2653 1908 baptismatis
2689 1836 2921 1892 formam
2974 1837 3031 1890 in
3078 1836 3300 1891 nomine
3354 1835 3411 1915 ετ

1840 1932 2146 1998 Trinitatis,
2182 1932 2306 1986 licet
2341 1930 2409 1985 ab
2446 1931 2701 1985 hmrctico
2732 1938 3064 1999 susceptam,
3108 1944 3216 1983 non
3248 1927 3416 1981 itera-

1839 2041 1983 2092 mus,
2021 2041 2088 2080 ne
2138 2032 2465 2093 prmccptum
2512 2022 2581 2076 ab
2631 2021 2892 2091 Apostolo
2937 2036 3108 2075 unum
3152 2020 3421 2090 baptisma

1837 2116 2198 2192 prmcipientis
2225 2114 2569 2184 prmvaricari
2605 2114 2910 2167 videamur.
2942 2110 3230 2175 Praeterea,
3271 2120 3331 2165 ut
3356 2110 3415 2163 Β.

1838 2208 1988 2263 Felix
2034 2222 2173 2278 papa
2227 2206 2464 2277 generali
2519 2205 2728 2275 synodo
2767 2203 3084 2278 praesidens
3130 2203 3419 2257 verissime

1836 2299 2209 2370 pronuntiavit
2243 2298 2428 2369 (l053)
2460 2316 2471 2351 :
2514 2316 2532 2348 ‹
2561 2295 2755 2352 Nullus
2786 2297 2852 2351 ad
2881 2296 3177 2351 secundam
3200 2295 3422 2350 tinctio-

1838 2405 1963 2444 nem
2006 2389 2193 2443 venire
2240 2386 2458 2459 poterit,
2506 2386 2613 2441 nisi
2663 2386 2917 2457 primitus
2970 2384 3218 2455 professo
3260 2400 3423 2455 paga-

1838 2479 2018 2536 nismo
2052 2494 2111 2535 se
2135 2478 2513 2533 Christianum
2553 2477 2922 2549 denegaverit.
2959 2496 2977 2528 ι
3019 2472 3152 2542 Qum
3186 2477 3421 2545 denega-

1837 2573 1913 2627 tio
1938 2588 2035 2642 per
2060 2571 2402 2627 iterationem
2428 2570 2685 2639 baptismi
2706 2570 2832 2639 jure
2856 2569 3133 2634 videatur;
3165 2584 3235 2622 ne
3261 2568 3419 2636 juxta

1837 2664 2117 2720 Nicmnum
2153 2662 2449 2719 concilium
2485 2659 2811 2731 gravissime
2858 2659 3136 2730 puniatur.
3190 2658 3304 2712 Hoc
3343 2667 3427 2712 ta-

1838 2773 1961 2813 men
1988 2756 2364 2811 indubitanter
2389 2753 2617 2819 scimus,
2642 2752 2798 2823 juxta
2825 2751 3154 2822 apostolicae
3182 2750 3422 2806 sanctio-

1838 2865 1956 2915 nes,
1984 2847 2195 2902 nullum
2219 2847 2289 2901 ab
2316 2846 2573 2901 haeretico
2596 2845 2906 2899 ordinatum
2938 2859 2968 2898 a
3010 2841 3315 2909 catholicis,
3340 2857 3424 2896 ve.

1839 2941 1893 2995 in
1919 2939 2110 2995 ordine
2138 2954 2240 2993 suo
2274 2937 2665 3007 recipiendum,
2702 2936 2783 2991 vel
2833 2935 3285 3001 reordinandum,
3316 2934 3423 2989 nisi

1840 3029 1894 3083 in
1919 3029 2025 3083 hoc
2050 3028 2215 3082 alicui
2238 3026 2503 3096 temporis
2536 3025 2852 3081 necessitati
2889 3025 3226 3079 consulatur.
3264 3021 3421 3089 Nam,

1841 3128 1901 3174 ut
1933 3119 2224 3189 prtedictus
2250 3133 2388 3188 papa
2412 3115 2761 3171 Innocentius
2791 3114 2987 3170 asserit
3015 3133 3028 3169 :
3066 3133 3085 3166 ‹
3126 3113 3424 3168 ΙΙωι-ρῐὶςιις

1838 3227 1935 3281 per
1959 3226 2183 3281 pravam
2230 3223 2427 3263 manus
2471 3207 2875 3278 impositionem
2913 3206 3165 3261 ordinato
3191 3206 3422 3261 damna-

1835 3303 2038 3357 tionem
2087 3300 2378 3371 irrogavit;
2423 3299 2532 3365 cui,
2579 3299 2707 3369 quia
2754 3299 3055 3353 remedium
3088 3297 3423 3367 poenitentia:

1836 3394 2207 3449 necessarium
2229 3401 2330 3459 est,
2355 3392 2611 3464 legitima:
2632 3391 2992 3446 ordinationis
3018 3391 3285 3444 honorem
3324 3389 3423 3443 ha-

1836 3487 1965 3541 bere
1989 3501 2096 3540 non
2119 3492 2315 3555 potest.
2354 3504 2373 3535 ι
2402 3483 2536 3540 ltem
2570 3482 2891 3538 Africanum
2935 3481 3251 3546 concilium,
3297 3495 3417 3550 cap.

1837 3578 1926 3645 '55,
1956 3577 2215 3642 decrevit,
2243 3585 2304 3631 ut
2337 3577 2571 3631 ordinati
2601 3576 2656 3630 in
2699 3586 2852 3646 parte
2880 3575 3106 3642 Donati,
3149 3575 3197 3630 si
3239 3574 3304 3628 ad
3331 3589 3425 3629 ca—

1835 3667 2093 3722 tholicam
2119 3666 2348 3722 correcti
2388 3660 2626 3721 transire
2653 3666 2946 3730 voluerint,
2975 3681 3083 3719 non
3112 3662 3422 3732 suscipian-

1835 3765 1928 3811 tur
1973 3757 2028 3810 in
2080 3756 2379 3811 honoribus
2429 3755 2563 3820 suis,
2624 3754 2923 3810 secundum
2968 3752 3421 3808 Transmarinum

1836 3850 2148 3915 concilium,
2196 3836 2574 3917 exceptis'his,
2624 3862 2720 3915 per
2751 3862 2987 3915 quorum
3018 3844 3422 3914 susceptionem

1838 3941 2121 3995 catholica:
2148 3938 2343 3993 unitati
2384 3938 2709 3992 consulitur.

1905 4032 2212 4087 Notandum
2274 4045 2490 4099 quoque
2544 4029 2690 4098 quod
2743 4028 2797 4081 in
2842 4025 3105 4080 Africano
3153 4025 3419 4088 concilio,

1837 4141 1956 4195 cap.
1997 4124 2087 4191 75,
2152 4121 2467 4178 decernitur
2514 4128 2575 4173 ut
2635 4135 2743 4173 non
2797 4118 2963 4173 liceat
3006 4106 3123 4170 ﬁeri
3159 4116 3423 4184 -rehapti-

1838 4217 2078 4271 zationes
2104 4257 2119 4281 ,
2148 4211 2582 4269 rcordinationes
2601 4252 2615 4277 ,
2664 4210 2749 4264 vel
2795 4206 3183 4263 translationes
3211 4207 3423 4277 episco-

1836 4326 2054 4382 porum.

139 4404 399 4474 spiritum
443 4421 561 4473 non
588 4406 870 4461 habentes.
909 4426 927 4458 ›
964 4406 1118 4466 Unde
1144 4406 1205 4462 Β.
1243 4407 1595 4467 Innocentius
1622 4412 1735 4480 (24,

1908 4424 2037 4479 item
2062 4421 2447 4478 sanctissimus
2477 4432 2615 4487 papa
2643 4414 2939 4487 Gregorius
2970 4412 3218 4469 scribens
3248 4410 3420 4465 Joan-

137 4512 192 4565 q.
233 4497 284 4563 i,
315 4496 367 4551 ὁ.
404 4496 537 4567 50)ο;
594 4516 611 4547 ι
643 4495 911 4565 Πιενθιὶεὶ,
946 4498 1141 4569 inquit,
1176 4515 1301 4555 cum
1341 4516 1373 4555 a
1406 4502 1509 4557 fide
1536 4504 1729 4557 catho-

135 4589 243 4643 lica
277 4589 632 4654 desisterent,
661 4588 1049 4658 perfectionem
1083 4591 1328 4661 spiritus,
1375 4609 1540 4663 quam
1579 4610 1732 4650 acce-

135 4688 357 4750 perant,
382 4681 713 4735 amiserunt.
742 4701 760 4731 ›
790 4680 930 4737 Hinc
954 4682 1120 4750 igitur
1136 4684 1427 4752 conjicitur
1445 4686 1732 4741 ordinatos

137 4773 208 4826 ab
240 4772 504 4827 hmretico
528 4787 639 4826 non
668 4773 1141 4828 consecrationem
1164 4775 1405 4845 aliquam
1433 4778 1729 4846 accepisse,

137 4865 233 4919 sed
276 4864 454 4920 solam
498 4864 734 4920 formam
790 4866 1222 4922 consecrationis
1273 4868 1479 4941 absque
1534 4869 1733 4925 virtute

153 5118 166 5126 _
205 5046 401 5126 (1051)
441 5043 561 5126 Hoc
620 5044 840 5126 Damasi
897 5046 1103 5102 dictum
1164 5055 1230 5126 ert.
1266 5047 1465 5126 similia
1512 5049 1739 5126 intelligi

1840 4515 1894 4569 ni
1935 4515 2192 4585 episcopo
2239 4509 2541 4566 Ravennati
2595 4507 2712 4578 (lib.
2745 4522 2815 4572 ιι,
2873 4505 3027 4575 epist.
3080 4502 3212 4569 52):
3251 4520 3273 4553 ι
3310 4499 3425 4553 Sic—

1836 4616 1916 4671 ut,
1950 4605 2145 4676 inquit,
2184 4604 2488 4674 baptizatus
2539 4600 2705 4655 semel
2752 4599 2951 4653 iterum
3002 4593 3269 4664 baptizari
3311 4604 3424 4645 non

1837 4698 2023 4762 debet,
2048 4696 2122 4750 ita
2148 4696 2244 4765 qui
2288 4699 2642 4751 consecratus
2676 4700 2759 4746 est
2787 4688 2956 4744 semel
3000 4689 3052 4742 in
3084 4684 3277 4739 eodem
3322 4682 3425 4735 ite-

1838 4805 1961 4845 rum
1992 4789 2189 4843 ordine'
2211 4804 2319 4842 non
2351 4785 2508 4841 debet
2533 4782 2881 4845 consecrari;
2912 4778 3086 4836 sedsi
3111 4776 3240 4845 quis
3268 4770 3435 4830 forsi-

1839 4888 1933 4935 tan
1962 4893 2087 4933 cum
2119 4878 2224 4933 levi
2246 4878 2405 4948 culpa
2447 4874 2515 4928 ad
2546 4871 2918 4928 sacerdotium
2949 4867 3116 4933 venit,
3146 4881 3249 4935 pro
3273 4863 3441 4932 culpa

1841 5062 1985 5126 sumi
2008 5051 2338 5125 abnegarunt
2377 5050 2546 5126 denuo
2571 5062 2682 5126 esse
2710 5046 3088 5126 haptizandos,
3133 5055 3232 5126 se}!
3271 5038 3337 5126 αξί
3376 5047 3459 5126 ff:
