3986 5312
537 0 668 19 Ιισυ
1494 0 1573 5 -..ν-
1632 0 1773 4 ν-έκ

528 64 848 150 pmnitentia
871 74 1034 131 indici
1060 71 1216 128 debet
1238 77 1291 123 et
1318 77 1499 122 tamen
1525 64 1659 117 ordo
1679 59 1906 116 servari.
1942 76 1960 109 ›
1996 54 2103 121 Sed
2134 55 2173 110 Α
2201 49 2563 111 anathemate,
2587 40 2680 99 sed
2705 34 3010 113 specialiter
3030 30 3099 86 de
3122 25 3345 91 Acacio,
3368 23 3534 92 cujus
3562 18 3763 150 damas-

1931 147 1942 150 ·
2209 143 2239 150 --
2446 139 2459 150 -
2645 147 2688 150 γ-
2745 128 2956 150 --ε-.-.....
3022 122 3289 150 “unum.”
3338 115 3589 150 "manu,
3651 107 3760 150 ,',m

533 177 591 227 in
628 173 714 227 bis
745 169 1048 233 sententiis,
1088 173 1148 219 ut
1180 160 1337 218 nobis
1378 158 1611 220 videtur,
1640 168 1749 207 non
1778 158 1886 205 tam
1931 147 2102 202 haere-

533 264 764 319 ticorum
805 257 1189 327 usurpationes
1236 264 1399 322 quam
1437 245 1844 302 Catliolicorum
1887 237 2104 294 ordina-

534 355 711 409 tiones
743 350 927 407 iterari
964 345 1339 418 prohibentur.
1388 337 1524 394 Nam
1577 331 1937 397 consecratio,
1982 340 2105 397 quae

536 445 669 499 nulli
697 443 765 496 ab
792 439 1045 496 bteretico
1072 436 1190 493 dari
1230 440 1428 504 potest,
1457 436 1516 483 ut
1544 426 1829 497 probatum
1854 427 1957 485 est,
1985 419 2031 473 si
2073 432 2107 472 a

536 534 820 590 Catliolico
872 528 1152 587 conversis
1189 523 1539 595 impenditur,
1597 506 1713 572 non
1754 516 1966 579 iterata,
2012 510 2105 566 sed

534 626 787 696 primitus
823 625 1065 694 impensa
1102 618 1275 688 magis
1304 612 1521 685 proprie
1563 608 1785 664 dicitur.
1823 602 1881 658 Si
1911 616 2107 657 conse-

537 717 806 771 crationes
833 710 1450 772 exeommunicatorum,
1497 710 1558 757 ut
1599 698 1982 756 haereticorum
2022 693 2109 747 ni-

537 807 637 862 hili
656 807 962 878 pendimus,
984 804 1046 857 B.
1074 798 1352 857 Anastasii
1381 809 1534 866 papae
1560 790 1845 848 sententiis
1870 788 1938 843 ad
1961 786 2108 840 Ana-

539 901 769 955 stasium
798 900 1102 969 Augustum
1138 890 1362 949 directis
1412 884 1683 942 contraire
1705 882 1984 949 timemus,
2013 876 2109 948 qui

539 1000 880 1049 sacramenta
921 1004 1028 1043 non
1068 985 1223 1040 irrita
1266 981 1383 1036 fore
1413 975 1687 1034 contendit
1724 987 1846 1043 quae
1877 969 2110 1024 Aeacius

539 1084 850 1154 patriarcha
874 1074 1525 1145 Constantinopolitanus,
1554 1069 1732 1124 liceta
1764 1064 1943 1119 Felice
1970 1077 2108 1131 papa

535 1175 652 1246 jam
674 1173 879 1229 dudum
927 1168 1439 1230 anatliematizatus,
1487 1160 1789 1231 usurpavit.
1824 1155 1916 1211 Sic
1961 1154 2108 1208 enim

540 1267 830 1338 prmdictus
852 1263 1173 1319 Anastasius
1194 1275 1332 1331 papa
1362 1258 1607 1328 Augusto
1647 1253 1854 1317 scribit,
1888 1266 2007 1320 cap.
2040 1249 2106 1304 8:

547 1375 567 1410 ς
598 1356 723 1412 Ideo
749 1353 1045 1427 (Aeacius),
1095 1353 1251 1424 cujus
1301 1364 1501 1404 nomen
1535 1347 1771 1401 dicimus
1821 1359 1943 1399 esse
1981 1341 2111 1397 reti—

541 1449 797 1516 cendum,
836 1448 977 1501 male
1006 1448 1146 1500 bona
1198 1440 1558 1499 ministrando
1606 1437 1710 1494 sibi
1758 1444 1967 1491 tantum
2015 1449 2114 1490 no-

543 1541 689 1607 cuit;
723 1555 849 1593 nam
886 1536 1191 1591 inviolabile
1221 1538 1644 1595 sacramentum,
1674 1528 1821 1597 quod
1843 1542 1938 1596 per
1962 1526 2114 1580 illum

542 1630 732 1686 datum
752 1638 854 1701 est,
899 1629 1019 1684 aliis
1048 1625 1436 1698 perfectionem
1463 1637 1575 1676 suae
1602 1619 1819 1674 virtutis
1858 1616 2112 1683 obtinuit,

545 1724 596 1778 ei
624 1732 804 1789 autem
832 1721 1028 1777 obfuit.
1068 1739 1085 1772 ι

616 1833 771 1899 Quod
796 1832 843 1886 si
868 1840 950 1888 est
995 1830 1305 1900 aliquorum
1358 1827 1416 1881 in
1463 1834 1673 1881 tantum
1715 1839 1774 1879 se
1821 1820 2120 1877 extendens

546 1925 765 1980 curiosa
809 1923 1050 1993 suspicio
1079 1931 1141 1978 ut
1181 1921 1510 1992 imaginetur
1532 1918 1743 1988 prolato
1778 1932 1809 1971 a
1838 1931 1976 1985 papa
2019 1913 2121 1969 Fe-

547 2016 652 2073 lice
683 2016 908 2086 judicio,
932 2014 1277 2070 ineﬂicaeiter
1301 2022 1486 2084 postea
1510 2012 1566 2065 in
1594 2007 1974 2073 sacramentis,
1999 2020 2122 2076 quae

549 2107 783 2165 Aeacius
812 2106 1117 2176 usurpavit,
1151 2104 1348 2175 egisse,
1370 2120 1435 2159 ac
1474 2102 1699 2173 perinde
1736 2116 1832 2156 eos
1874 2108 2120 2155 metuere

551 2198 646 2271 qui
675 2198 761 2253 vel
791 2199 847 2252 in
869 2196 1391 2262 consecrationibus,
1438 2195 1523 2250 vel
1559 2195 1617 2250 in
1650 2193 1975 2263 baptismate
2000 2206 2122 2260 my-

552 2291 715 2349 steria
749 2291 947 2347 tradita
986 2296 1367 2359 susceperunt,
1402 2303 1472 2343 ne
1515 2286 1673 2342 irrita
1698 2285 1884 2341 divina
1921 2281 2126 2338 bendi-

552 2384 637 2439 cia
678 2384 985 2451 videantur,
1038 2382 1347 2438 meminerit
1382 2381 1436 2437 in
1483 2380 1626 2435 hanc
1668 2392 1885 2448 quoque
1913 2385 2124 2445 partem

555 2475 806 2531 similiter
828 2482 1117 2531 tractatum
1142 2473 1436 2544 praevalere
1468 2470 1829 2540 superiorem,
1865 2468 1995 2538 quia
2017 2481 2126 2522 nou

555 2571 674 2626 sine
709 2570 1067 2640 usurpatione
1106 2566 1395 2624 sacerdotii
1449 2564 1794 2634 adjudicatus
1846 2561 1953 2616 hoc
1996 2560 2123 2631 egit.

555 2660 615 2715 In
663 2677 774 2732 quo
807 2662 1064 2716 virtutem
1122 2675 1279 2715 suam
1327 2657 1701 2713 obtinentibus
1744 2653 2038 2726 mysteriis,
2071 2653 2128 2707 in

558 2752 667 2809 hoc
695 2768 911 2823 quoque
936 2752 1057 2808 aliis
1088 2767 1177 2806 rea
1212 2749 1315 2805 sibi
1344 2764 1577 2820 persona
1611 2763 1720 2802 non
1745 2746 1952 2803 nocuit.
1989 2743 2125 2799 Nam
2155 2736 2197 2792 C

558 2845 628 2905 ad
674 2846 830 2900 illum
875 2844 1137 2916 pertinuit
1181 2843 1328 2913 quod
1376 2842 1509 2896 tuba
1551 2840 1800 2894 Davidica
1862 2840 2078 2894 canitur
2112 2855 2128 2892 :

565 2955 586 2989 ι
624 2936 1013 2992 Verumtamen
1045 2934 1190 2990 Deus
1229 2932 1534 3004 confringet
1570 2932 1746 3001 capita
1786 2930 2130 2985 inimicorum

559 3044 788 3089 suorum
811 3047 826 3095 ;
851 3028 1110 3083 verticem
1138 3027 1317 3098 capilli
1349 3023 1842 3096 perambulantium
1899 3022 1956 3076 in
1998 3021 2133 3076 deli-

564 3119 665 3175 ctis
693 3119 810 3174 suis
837 3117 1013 3187 (Psal.
1044 3135 1189 3172 vau
1212 3118 1251 3189 ).
1285 3137 1304 3170 ι
1328 3116 1465 3170 Nam
1489 3114 1741 3184 superbia
1771 3128 1985 3181 semper
2002 3112 2130 3178 sibi,

565 3227 675 3269 non
715 3211 838 3266 aliis
882 3210 1014 3264 facit
1057 3210 1302 3275 ruinam;
1352 3208 1498 3276 quod
1537 3206 1792 3260 universa
1832 3204 2134 3258 cmlestium

568 3300 976 3372 Scripturarum
1009 3309 1241 3356 testatur
1279 3298 1598 3361 auctoritas,
1641 3296 1785 3350 sicut
1823 3294 1988 3347 etiam
2040 3310 2137 3363 per

568 3390 833 3461 Spiritum
866 3399 1119 3446 sanctum
1138 3389 1338 3445 dicitur
1364 3389 1418 3443 in
1441 3387 1711 3457 Propheta
1739 3404 1753 3439 :
1790 3404 1808 3437 ι
1850 3384 1967 3439 Non
1992 3385 2141 3441 habi-

567 3483 705 3540 tabit
749 3484 804 3539 in
855 3482 1034 3538 medio
1081 3482 1278 3537 domus
1323 3496 1458 3536 mea:
1502 3481 1597 3549 qui
1646 3478 1777 3533 facit
1827 3477 2138 3547 superbiam

570 3573 744 3646 (Paul.
771 3572 844 3644 c).
881 3593 900 3625 ι
942 3573 1118 3641 Unde,
1143 3589 1270 3629 cum
1298 3572 1405 3627 sibi
1433 3571 1732 3626 sacerdotis
1770 3584 1969 3624 nomen
2005 3584 2140 3623 ven-

569 3666 849 3732 dicaverit,
876 3666 1271 3722 condemnatus
1300 3666 1357 3719 in
1381 3664 1555 3734 ipsius
1585 3662 1843 3717 verticem
1876 3660 2142 3731 superbiae

569 3764 753 3815 tumor
788 3756 1025 3813 inuictus
1059 3769 1175 3825 est;
1210 3772 1321 3810 non
1356 3756 1613 3825 populus,
1643 3754 1738 3824 qui
1778 3752 1838 3808 in
1869 3751 2143 3823 mysteriis

572 3848 775 3908 donum
798 3849 971 3915 ipsius
997 3848 1233 3915 sitiebat,
1266 3848 1523 3903 exclusus
1549 3853 1653 3902 est.

644 3979 819 4052 Hujus
850 3981 1014 4053 igitur
1058 3990 1341 4051 apostoucr
1392 3987 1712 4051 (anastasuj
1759 3982 2026 4032 sententia
2048 3986 2143 4028 ve-

2202 143 2279 196 tio
2318 139 2582 202 nondum,
2631 147 2697 187 eo
2735 107 2978 192 vivente,
3022 122 3293 194 publicata
3337 115 3606 179 creditur.
3646 107 3765 165 Nam

2202 231 2291 286 ille
2317 218 2930 289 excommunicatoriam
2955 213 3149 269 Felicis
3182 224 3335 281 papa:
3358 203 3655 277 epistolam
3679 217 3766 256 no-

2201 318 2304 374 luit
2324 318 2588 387 recipere,
2618 321 2679 367 ut
2698 310 2988 365 Liberatus
3027 304 3085 359 in
3122 302 3264 356 libro
3295 312 3402 355 suo
3432 301 3692 350 testatur.
3720 290 3771 347 ιιι

2202 428 2309 483 qua
2333 409 2562 480 epistola
2597 403 2913 460 mandatum
2942 405 3027 453 est
3054 394 3257 451 Acacio
3286 400 3347 445 ut
3374 404 3438 444 se
3462 400 3775 442 excommu-

2204 476 2446 556 nicatum
2474 498 2589 553 fore
2610 509 2719 550 non
2741 491 3034 555 dubitaret,
3060 494 3353 557 postquam
3389 478 3654 550 eamdem
3672 476 3779 546 epi-

2204 756 2407 834 blieare
2459 791 2568 832 non
2609 769 2975 844 praesumpsit,
3018 780 3085 821 eo
3120 763 3267 834 quod
3320 761 3632 831 imperator
3675 756 3785 825 ejus

2205 871 2379 927 errori
2410 866 2862 940 patrocinaretur.
2900 861 2959 915 Si
2996 859 3144 914 enim
3179 857 3299 926 ejus
3339 852 3635 911 damnatio
3668 849 3787 904 sub-

2205 963 2334 1019 ditis
2357 961 2472 1018 suis
2493 958 2770 1030 publicata
2799 961 2969 1020 esset,
3008 951 3164 1022 juxta
3187 948 3331 1004 beati
3361 941 3675 1001 lnuocentii
3701 957 3791 1011 pa-

2207 1069 2290 1125 pae
2337 1050 2718 1113 assertionem,
2773 1042 3089 1101 ordinandis
3148 1038 3332 1109 potius
3382 1035 3789 1091 damnationem

2209 1159 2372 1220 quam
2406 1139 2872 1197 consecrationem
2898 1135 3182 1204 irrogaret.
3228 1127 3385 1196 Quod
3415 1124 3791 1203 autemdam-

2210 1216 2508 1303 iatio‘ejus
2547 1231 2622 1285 ita
2658 1227 3044 1288 occultaretur,
3077 1222 3201 1276 inde
3223 1220 3357 1275 satis
3397 1214 3628 1288 probari
3649 1213 3787 1267 vide-

2210 1338 2320 1394 tur,
2364 1326 2495 1399 quia
2538 1319 2871 1393 Euphemius
2918 1316 3208 1387 episeOpus
3261 1324 3556 1367 successor
3607 1305 3789 1361 Acacii

2212 1418 2407 1491 quierit
2440 1432 2471 1471 a
2504 1416 2663 1470 beato
2690 1411 2906 1467 Gelasio
2930 1422 3083 1479 papa:
3109 1403 3331 1475 quando
3367 1400 3614 1455 Aeacius
3638 1399 3791 1453 dam-

2215 1490 2440 1565 naretur
2478 1506 2565 1578 (B.
2607 1503 2847 1559 Gelasius
2894 1499 2955 1567 Ι,¹
2998 1498 3150 1569 epist.
3205 1494 3282 1564 9),
3333 1502 3394 1547 ut
3450 1492 3510 1545 in
3570 1490 3792 1560 epistola

2215 1600 2455 1671 ejusdem
2499 1611 2653 1669 papae
2679 1594 2746 1650 ad
2774 1592 3028 1649 eumdem
3062 1584 3425 1658 Euphemium
3462 1583 3792 1638 continetur.

2215 1670 2286 1746 Et
2303 1706 2404 1746 nos
2456 1672 2695 1760 quoque
2729 1684 3035 1747 damnatos,
3099 1690 3334 1747 quorum
3388 1670 3795 1727 damnationem

2217 1784 2397 1840 adhuc
2455 1758 2813 1851 ignoramus,
2875 1771 3059 1827 divina
3113 1768 3459 1822 sacramenta
3530 1758 3797 1815 coniicere

2217 1887 2377 1945 posse
2414 1886 2511 1941 per
2553 1878 2884 1923 consensum
2914 1857 3169 1914 Ecclesim
3212 1854 3519 1917 credimus;
3566 1865 3797 1920 quorum

2222 1943 2399 2019 tamen
2426 1957 2819 2015 coniectionem
2842 1952 3055 2024 publice
3083 1946 3357 2005 damnatis
3385 1943 3666 1999 ascribere
3692 1957 3796 1995 non

2222 2055 2509 2112 audemus.
2936 2086 2940 2091 .

2291 2143 2430 2212 Quid
2454 2150 2633 2197 autem
2663 2138 2819 2193 vobis
2853 2136 2920 2191 de
2945 2134 3033 2189 bis
3068 2129 3326 2187 omnibus
3354 2126 3632 2210 videatur,
3674 2122 3799 2177 eba-

2222 2239 2356 2295 ritas
2384 2244 2562 2292 vestra
2591 2232 2751 2288 nobis
2799 2228 3099 2285 rescribere
3150 2239 3262 2280 non
3315 2205 3598 2294 gravetur.
3650 2217 3799 2281 Item,

2226 2330 2272 2387 si
2323 2326 2766 2384 consecrationes
2815 2336 3029 2387 eorum,
3078 2318 3172 2388 qui
3217 2314 3498 2386 quondam
3541 2308 3801 2366 catholica

2225 2420 2478 2488 ordinati,
2508 2432 2657 2472 nunc
2690 2423 2868 2469 autem
2896 2425 2996 2482 pro
3032 2408 3215 2478 aliqua
3241 2405 3400 2474 culpa
3429 2410 3565 2458 sunt
3588 2396 3798 2460 remoti,

2224 2518 2287 2565 ut
2314 2485 2697 2563 haereticorum
2737 2516 2838 2572 pro
2882 2497 3056 2552 nihilo
3102 2494 3373 2559 ducimus,
3410 2487 3701 2546 sententiis
3744 2485 3798 2540 S.

2226 2595 2518 2669 Augustini
2546 2590 2919 2648 contradicere
2941 2586 3221 2651 videmur;
3251 2582 3348 2652 qui
3387 2588 3445 2634 et
3478 2579 3539 2632 in
3584 2576 3803 2631 damna-

2228 2690 2301 2746 tis‘
2347 2670 2751 2745 sacramentum
2784 2675 3143 2735 ordinationis
3193 2684 3522 2743 permanere
3572 2669 3629 2722 in
3673 2666 3804 2720 libro

2231 2782 2306 2836 De
2346 2782 2492 2835 bono
2528 2771 2797 2845 conjugali
2824 2776 3055 2825 testatur
3093 2767 3229 2838 (cap.
3255 2762 3349 2831 24)
3378 2779 3391 2815 :
3422 2778 3442 2811 ‹
3486 2758 3575 2826 Si,
3610 2756 3799 2826 inquit,

2230 2874 2323 2928 ﬁat
2347 2868 2615 2925 ordinatio
2638 2844 2769 2921 cieri
2793 2862 2858 2917 ad
2879 2860 3087 2931 plebem
3105 2850 3576 2925 eongregandam,
3594 2844 3801 2900 etiamsi

2229 2962 2404 3033 plebis
2432 2956 2779 3030 congregatio
2822 2968 2931 3007 non
2978 2938 3365 3033 subsequatur,
3413 2948 3607 2994 manet
3634 2944 3807 2990 tamen

2233 3027 2287 3107 in
2311 3027 2575 3107 ordinatis
2618 3027 3020 3103 sacramentum
3041 3032 3424 3093 ordinationis.
3455 3029 3527 3083 Et
3558 3028 3611 3083 si
3638 3027 3807 3095 aliqua

2233 3145 2393 3214 culpa
2423 3120 2721 3213 quisquam,
2747 3138 2817 3191 ab
2841 3133 3019 3188 cilicio
3052 3132 3423 3189 removeatur,
3470 3121 3809 3175 sacramento

2234 3234 2450 3290 Domini
2480 3230 2648 3287 semel
2676 3225 2955 3296 imposito,
2994 3234 3106 3276 non
3150 3212 3359 3277 carebit
3382 3253 3400 3279 ,
3450 3208 3708 3280 quamvis
3746 3203 3808 3257 ad

2233 3324 2501 3397 judicium
2548 3325 2917 3392 permanente.
2958 3330 2979 3364 ι
3027 3309 3190 3364 Juxta
3244 3303 3412 3372 hujus
3458 3299 3567 3355 viri
3598 3304 3811 3352 senten-

2237 3394 2391 3482 tiam,
2434 3411 2630 3469 remuti
2679 3409 2843 3464 etiam
2888 3404 2957 3458 ab
2988 3399 3187 3463 otiicio,
3228 3408 3355 3451 cum
3406 3394 3811 3447 sacramentum

2239 3478 2599 3563 ordinationis
2641 3500 2942 3563 retineant,
2984 3490 3169 3547 divina
3194 3492 3572 3549 sacramenta,
3611 3478 3813 3535 licetad

2239 3597 2646 3654 damnationem
2685 3603 2867 3654 suam,
2913 3582 3188 3641 celebrare
3224 3583 3493 3648 possunt;
3543 3573 3595 3628 si
3639 3582 3813 3628 tamen

2240 3691 2392 3747 vobis
2416 3704 2525 3743 non
2551 3686 2707 3741 aliter
2742 3681 2958 3736 videtur
2982 3669 3415 3741 intelligendum.
3806 3666 3813 3667 ’

2312 3778 2520 3833 Vestrae
2546 3775 2714 3846 igitur
2746 3764 3152 3827 deliberationis
3178 3757 3507 3823 sententiam
3538 3759 3825 3824 exspectao'

2243 3886 2368 3927 mus
2391 3870 2458 3924 de
2482 3867 2568 3922 bis
2594 3864 2873 3928 omnibus,
2904 3858 3020 3914 sive
3047 3869 3170 3926 qua;
3211 3866 3316 3906 nos
3365 3849 3498 3918 ipsi,
3543 3855 3820 3910 utcunque

2244 3979 2345 4034 pro
2384 3968 2543 4030 captu
2574 3964 2777 4013 nostra:
2820 3946 3187 4020 intelligentia:
3227 3941 3517 4005 solvimus,
3553 3938 3667 3992 sive
3700 3946 3822 4002 qua:

646 4027 819 4052 ’⁵”“¹δ“““’
850 4027 1004 4053 'D"“'
1058 4027 1341 4051 “·ι’ν·”ν·’ν-
1394 4027 1712 4051 L""’""""‘J
1760 4027 1966 4032 """"'
2247 4027 2263 4034 '
2452 4027 2468 4030 “

573 4079 692 4129 tare
741 4074 954 4129 videtur
1020 4088 1087 4127 ne
1151 4073 1239 4127 vel
1300 4068 1755 4126 exeommunicati
1807 4066 2221 4122 saeramenta'D
2246 4068 2349 4112 nos
2372 4053 2617 4109 nondum
2674 4049 2904 4112 solvere,
2962 4057 3059 4097 seu
3129 4034 3435 4104 intelligere
3496 4027 3776 4100 Pomimus
3803 4061 3819 4074 ο

574 4165 729 4219 irrita
779 4164 892 4220 fore
931 4173 1283 4230 censeantur;
1330 4164 1476 4233 quod
1513 4172 1706 4217 vestrae
1749 4157 2038 4215 assertioni
2076 4156 2143 4210 de

575 4255 1379 4326 bujusmodisacramentorum
1424 4253 1793 4308 annullatione
1835 4264 1944 4304 non
1991 4247 2145 4302 dubi.-

576 4356 724 4403 tatur
772 4362 1093 4418 repugnare,
1130 4346 1238 4401 nisi
1262 4344 1401 4400 forte
1441 4344 1687 4408 dicamus
1737 4340 1957 4397 beatum
2007 4337 2149 4391 Ana-

575 4439 807 4495 stasium
861 4454 1056 4508 papam
1093 4453 1203 4493 non
1252 4433 1357 4492 lioe
1400 4435 1602 4490 dixisse
1645 4433 1713 4488 de
1759 4429 2050 4502 publicatis
2090 4427 2148 4483 in

2258 4168 2276 4201 ‹
2306 4146 2451 4201 Deus
2479 4151 2661 4198 autem
2704 4138 2857 4210 pacis
2911 4130 3214 4190 sanctiﬁcet
3250 4141 3349 4180 vos
3376 4139 3477 4192 per
3516 4118 3718 4182 omnia,
3764 4124 3824 4168 ut

2249 4238 2457 4308 integer
2502 4233 2727 4304 spiritus
2773 4235 2974 4293 vester,
3003 4232 3058 4278 et
3108 4220 3312 4283 anima,
3356 4222 3414 4269 et
3465 4226 3667 4281 corpus
3702 4208 3825 4262 sine

2250 4301 2470 4401 querela
2496 4301 2549 4380 in
2575 4325 2811 4379 adventu
2834 4316 3050 4375 Domini
3079 4310 3253 4370 nostri
3290 4306 3420 4363 Jesu
3458 4301 3663 4359 Christi
3701 4314 3825 4353 ser-

2250 4430 2410 4479 vetur
2440 4418 2494 4492 (Ι
2524 4418 2703 4472 Thess.
2735 4414 2813 4486 v).
2845 4430 2863 4463 ι
