  <div class='ocr_page' id='page_1' title='image "/cluster/home/n/w/nwhite01/storage/ocr_20150623/148/hvd.32044015471840/588.png"; bbox 0 0 3986 5312; ppageno 0'>
   <div class='ocr_carea' id='block_1_1' title="bbox 200 320 3486 411">
    <p class='ocr_par' dir='ltr' id='par_1_1' title="bbox 200 320 3486 411">
     <span class='ocr_line' id='line_1_1' title="bbox 200 320 3486 411; baseline 0.007 -18"><span class='ocrx_word' id='word_1_1' title='bbox 200 320 346 411; x_wconf 63' lang='lat' dir='ltr'><strong>&quot;Si</strong></span> <span class='ocrx_word' id='word_1_2' title='bbox 1112 348 1404 405; x_wconf 74' lang='lat' dir='ltr'><strong>APPEND.</strong></span> <span class='ocrx_word' id='word_1_3' title='bbox 1443 347 1532 404; x_wconf 91' lang='lat' dir='ltr'><strong>m.</strong></span> <span class='ocrx_word' id='word_1_4' title='bbox 1572 378 1644 389; x_wconf 92' lang='lat'><strong>—</strong></span> <span class='ocrx_word' id='word_1_5' title='bbox 1679 346 2116 404; x_wconf 63' lang='lat' dir='ltr'><strong>nonnum“</strong></span> <span class='ocrx_word' id='word_1_6' title='bbox 2153 351 2616 410; x_wconf 72' lang='lat' dir='ltr'><strong>ennconum.</strong></span> <span class='ocrx_word' id='word_1_7' title='bbox 3348 352 3486 411; x_wconf 74' lang='lat' dir='ltr'><strong>m2</strong></span> 
     </span>
    </p>
   </div>
   <div class='ocr_carea' id='block_1_2' title="bbox 197 464 3483 529">
    <p class='ocr_par' dir='ltr' id='par_1_2' title="bbox 197 464 3483 529">
     <span class='ocr_line' id='line_1_2' title="bbox 197 464 3483 529; baseline 0.001 -33"><span class='ocrx_word' id='word_1_8' title='bbox 197 464 3483 529; x_wconf 41' lang='grc' dir='ltr'><strong>*Μ</strong></span> 
     </span>
    </p>
   </div>
   <div class='ocr_carea' id='block_1_3' title="bbox 752 550 2991 779">
    <p class='ocr_par' dir='ltr' id='par_1_3' title="bbox 752 660 2991 779">
     <span class='ocr_line' id='line_1_3' title="bbox 752 660 2991 779; baseline 0.002 -7"><span class='ocrx_word' id='word_1_9' title='bbox 752 660 1715 776; x_wconf 72' lang='lat' dir='ltr'><strong>BERNALDI</strong></span> <span class='ocrx_word' id='word_1_10' title='bbox 1769 665 2991 779; x_wconf 72' lang='lat' dir='ltr'><strong>PBESBYTEBI.</strong></span> 
     </span>
    </p>
   </div>
   <div class='ocr_carea' id='block_1_4' title="bbox 312 883 3329 1083">
    <p class='ocr_par' dir='ltr' id='par_1_4' title="bbox 312 883 3329 1083">
     <span class='ocr_line' id='line_1_4' title="bbox 312 883 3329 1083; baseline 0.002 -34"><span class='ocrx_word' id='word_1_11' title='bbox 312 883 497 1074; x_wconf 81' lang='lat' dir='ltr'><strong>DE</strong></span> <span class='ocrx_word' id='word_1_12' title='bbox 603 897 1129 1056; x_wconf 74' lang='grc' dir='ltr'><strong>ἮἸἏΝΜ</strong></span> <span class='ocrx_word' id='word_1_13' title='bbox 1231 899 2435 1058; x_wconf 75' lang='lat' dir='ltr'><strong>EXGOMMUNIGATORUM</strong></span> <span class='ocrx_word' id='word_1_14' title='bbox 2537 901 3329 1083; x_wconf 76' lang='lat' dir='ltr'><strong>ll0MMUNIO&#39;Nll,</strong></span> 
     </span>
    </p>
   </div>
   <div class='ocr_carea' id='block_1_5' title="bbox 952 1185 2729 1268">
    <p class='ocr_par' dir='ltr' id='par_1_5' title="bbox 952 1185 2729 1268">
     <span class='ocr_line' id='line_1_5' title="bbox 952 1185 2729 1268; baseline -0.001 -4"><span class='ocrx_word' id='word_1_15' title='bbox 952 1186 1088 1264; x_wconf 88' lang='lat' dir='ltr'><strong>DE</strong></span> <span class='ocrx_word' id='word_1_16' title='bbox 1139 1185 2097 1268; x_wconf 79' lang='lat' dir='ltr'><strong>RECONGILIATIONE</strong></span> <span class='ocrx_word' id='word_1_17' title='bbox 2150 1185 2729 1266; x_wconf 81' lang='lat' dir='ltr'><strong>LAPSOBUM.</strong></span> 
     </span>
    </p>
   </div>
   <div class='ocr_carea' id='block_1_6' title="bbox 1769 1380 1946 1421">
    <p class='ocr_par' dir='ltr' id='par_1_6' title="bbox 1769 1380 1946 1421">
     <span class='ocr_line' id='line_1_6' title="bbox 1769 1380 1946 1421; baseline 0 0"><span class='ocrx_word' id='word_1_18' title='bbox 1769 1380 1840 1421; x_wconf 81' lang='grc' dir='ltr'>ιτ</span> <span class='ocrx_word' id='word_1_19' title='bbox 1878 1380 1946 1421; x_wconf 77' lang='lat' dir='ltr'><strong>DI‘</strong></span> 
     </span>
    </p>
   </div>
   <div class='ocr_carea' id='block_1_7' title="bbox 208 1506 3476 1593">
    <p class='ocr_par' dir='ltr' id='par_1_7' title="bbox 208 1506 3476 1593">
     <span class='ocr_line' id='line_1_7' title="bbox 208 1506 3476 1593; baseline -0.003 -18"><span class='ocrx_word' id='word_1_20' title='bbox 208 1506 723 1591; x_wconf 67' lang='lat' dir='ltr'><strong>CONGILIORUM,</strong></span> <span class='ocrx_word' id='word_1_21' title='bbox 757 1519 1091 1580; x_wconf 73' lang='lat' dir='ltr'><strong>GANONUM</strong></span> <span class='ocrx_word' id='word_1_22' title='bbox 1113 1564 1130 1593; x_wconf 93' lang='lat'><strong>,</strong></span> <span class='ocrx_word' id='word_1_23' title='bbox 1168 1520 1641 1580; x_wconf 75' lang='lat' dir='ltr'><strong>DEGRETORUM</strong></span> <span class='ocrx_word' id='word_1_24' title='bbox 1664 1565 1680 1591; x_wconf 96' lang='lat'><strong>,</strong></span> <span class='ocrx_word' id='word_1_25' title='bbox 1719 1519 2247 1593; x_wconf 79' lang='lat' dir='ltr'><strong>DECRETALIUM,</strong></span> <span class='ocrx_word' id='word_1_26' title='bbox 2294 1514 2744 1585; x_wconf 79' lang='lat' dir='ltr'><strong>lPSORUMQUE</strong></span> <span class='ocrx_word' id='word_1_27' title='bbox 2798 1513 3045 1573; x_wconf 83' lang='lat' dir='ltr'><strong>PONTIF</strong></span> <span class='ocrx_word' id='word_1_28' title='bbox 3048 1512 3214 1571; x_wconf 81' lang='lat' dir='ltr'><strong>ICUM</strong></span> <span class='ocrx_word' id='word_1_29' title='bbox 3251 1510 3476 1573; x_wconf 77' lang='lat' dir='ltr'><strong>ROMA-</strong></span> 
     </span>
    </p>
   </div>
   <div class='ocr_carea' id='block_1_8' title="bbox 1461 1611 3067 1672">
    <p class='ocr_par' dir='ltr' id='par_1_8' title="bbox 1461 1611 3067 1672">
     <span class='ocr_line' id='line_1_8' title="bbox 1461 1611 3067 1672; baseline -0.003 -3"><span class='ocrx_word' id='word_1_30' title='bbox 1461 1613 1706 1672; x_wconf 76' lang='lat' dir='ltr'><strong>NORUM</strong></span> <span class='ocrx_word' id='word_1_31' title='bbox 1739 1611 2229 1672; x_wconf 74' lang='lat' dir='ltr'><strong>AUCTORITATE</strong></span> <span class='ocrx_word' id='word_1_32' title='bbox 2668 1649 2674 1653; x_wconf 67' lang='grc' dir='ltr'>ς</span> <span class='ocrx_word' id='word_1_33' title='bbox 3061 1656 3067 1664; x_wconf 93' lang='grc'><strong>.</strong></span> 
     </span>
    </p>
   </div>
   <div class='ocr_carea' id='block_1_9' title="bbox 1669 1768 2031 1875">
    <p class='ocr_par' dir='ltr' id='par_1_9' title="bbox 1669 1768 2031 1875">
     <span class='ocr_line' id='line_1_9' title="bbox 1669 1768 2031 1875; baseline 0.003 -2"><span class='ocrx_word' id='word_1_34' title='bbox 1669 1786 2031 1875; x_wconf 84' lang='lat' dir='ltr'><strong>LIBER</strong></span> 
     </span>
    </p>
   </div>
   <div class='ocr_carea' id='block_1_10' title="bbox 1031 1973 2665 2056">
    <p class='ocr_par' dir='ltr' id='par_1_10' title="bbox 1031 1973 2665 2056">
     <span class='ocr_line' id='line_1_10' title="bbox 1031 1973 2665 2056; baseline 0 -13"><span class='ocrx_word' id='word_1_35' title='bbox 1031 1979 1213 2043; x_wconf 83' lang='lat' dir='ltr'><strong>Nunc</strong></span> <span class='ocrx_word' id='word_1_36' title='bbox 1233 1978 1513 2056; x_wconf 82' lang='lat' dir='ltr'><strong>primum</strong></span> <span class='ocrx_word' id='word_1_37' title='bbox 1552 1994 1629 2037; x_wconf 73' lang='lat' dir='ltr'><strong>ex</strong></span> <span class='ocrx_word' id='word_1_38' title='bbox 1658 1974 1932 2037; x_wconf 72' lang='lat' dir='ltr'><strong>tenebris</strong></span> <span class='ocrx_word' id='word_1_39' title='bbox 1962 1974 2031 2037; x_wconf 84' lang='lat' dir='ltr'><strong>in</strong></span> <span class='ocrx_word' id='word_1_40' title='bbox 2065 1973 2262 2038; x_wconf 80' lang='lat' dir='ltr'><strong><em>lucem</em></strong></span> <span class='ocrx_word' id='word_1_41' title='bbox 2285 1977 2665 2044; x_wconf 68' lang='lat' dir='ltr'><strong>vindicatus.</strong></span> 
     </span>
    </p>
   </div>
   <div class='ocr_carea' id='block_1_11' title="bbox 1636 2254 2023 2320">
    <p class='ocr_par' dir='ltr' id='par_1_11' title="bbox 1636 2254 2023 2320">
     <span class='ocr_line' id='line_1_11' title="bbox 1636 2254 2023 2320; baseline 0.008 -3"><span class='ocrx_word' id='word_1_42' title='bbox 1636 2254 2023 2320; x_wconf 85' lang='lat' dir='ltr'><strong>LECTORI.</strong></span> 
     </span>
    </p>
   </div>
   <div class='ocr_carea' id='block_1_12' title="bbox 277 2417 3455 2497">
    <p class='ocr_par' dir='ltr' id='par_1_12' title="bbox 277 2417 3455 2497">
     <span class='ocr_line' id='line_1_12' title="bbox 277 2417 3455 2497; baseline 0.002 -23"><span class='ocrx_word' id='word_1_43' title='bbox 277 2417 419 2486; x_wconf 86' lang='lat' dir='ltr'><strong>Quis</strong></span> <span class='ocrx_word' id='word_1_44' title='bbox 472 2418 657 2487; x_wconf 85' lang='lat' dir='ltr'><strong>fuerit,</strong></span> <span class='ocrx_word' id='word_1_45' title='bbox 696 2429 751 2477; x_wconf 88' lang='lat' dir='ltr'><strong>et</strong></span> <span class='ocrx_word' id='word_1_46' title='bbox 786 2436 909 2492; x_wconf 65' lang='lat' dir='ltr'><strong>quae</strong></span> <span class='ocrx_word' id='word_1_47' title='bbox 961 2421 1242 2493; x_wconf 76' lang='lat' dir='ltr'><strong>scripserit</strong></span> <span class='ocrx_word' id='word_1_48' title='bbox 1289 2420 1591 2478; x_wconf 88' lang='lat' dir='ltr'><strong>Bernaldus</strong></span> <span class='ocrx_word' id='word_1_49' title='bbox 1634 2420 2421 2496; x_wconf 85' lang='lat' dir='ltr'><strong>Constantiensispresbyter,</strong></span> <span class='ocrx_word' id='word_1_50' title='bbox 2449 2424 2636 2481; x_wconf 82' lang='lat' dir='ltr'><strong>docuit</strong></span> <span class='ocrx_word' id='word_1_51' title='bbox 2670 2423 2957 2483; x_wconf 88' lang='lat' dir='ltr'><strong>Gretserus</strong></span> <span class='ocrx_word' id='word_1_52' title='bbox 2982 2440 3039 2480; x_wconf 77' lang='grc' dir='ltr'>ιιι</span> <span class='ocrx_word' id='word_1_53' title='bbox 3071 2424 3334 2497; x_wconf 80' lang='lat' dir='ltr'><strong>Apologia</strong></span> <span class='ocrx_word' id='word_1_54' title='bbox 3353 2439 3455 2497; x_wconf 91' lang='lat' dir='ltr'><strong>pro</strong></span> 
     </span>
    </p>
   </div>
   <div class='ocr_carea' id='block_1_13' title="bbox 205 2509 3467 2585">
    <p class='ocr_par' dir='ltr' id='par_1_13' title="bbox 205 2509 3467 2585">
     <span class='ocr_line' id='line_1_13' title="bbox 205 2509 3467 2585; baseline 0.002 -22"><span class='ocrx_word' id='word_1_55' title='bbox 205 2509 480 2580; x_wconf 74' lang='lat' dir='ltr'><strong>Gregorio</strong></span> <span class='ocrx_word' id='word_1_56' title='bbox 509 2510 618 2565; x_wconf 80' lang='lat' dir='ltr'><strong>VII.</strong></span> <span class='ocrx_word' id='word_1_57' title='bbox 643 2511 745 2567; x_wconf 87' lang='lat' dir='ltr'><strong>Cui</strong></span> <span class='ocrx_word' id='word_1_58' title='bbox 770 2512 938 2567; x_wconf 89' lang='lat' dir='ltr'><strong>etiam</strong></span> <span class='ocrx_word' id='word_1_59' title='bbox 968 2513 1119 2567; x_wconf 87' lang='lat' dir='ltr'><strong>varia</strong></span> <span class='ocrx_word' id='word_1_60' title='bbox 1145 2511 1399 2567; x_wconf 89' lang='lat' dir='ltr'><strong>Bernaldi</strong></span> <span class='ocrx_word' id='word_1_61' title='bbox 1441 2510 1704 2581; x_wconf 90' lang='lat' dir='ltr'><strong>opuscula</strong></span> <span class='ocrx_word' id='word_1_62' title='bbox 1746 2526 1846 2581; x_wconf 92' lang='lat' dir='ltr'><strong>pro</strong></span> <span class='ocrx_word' id='word_1_63' title='bbox 1870 2510 2136 2581; x_wconf 70' lang='lat' dir='ltr'><strong>Gregorio</strong></span> <span class='ocrx_word' id='word_1_64' title='bbox 2160 2515 2352 2569; x_wconf 90' lang='lat' dir='ltr'><strong>eodem</strong></span> <span class='ocrx_word' id='word_1_65' title='bbox 2391 2515 2649 2585; x_wconf 84' lang='lat' dir='ltr'><strong>pontifice</strong></span> <span class='ocrx_word' id='word_1_66' title='bbox 2678 2524 2869 2571; x_wconf 88' lang='lat' dir='ltr'><strong>contra</strong></span> <span class='ocrx_word' id='word_1_67' title='bbox 2898 2517 3298 2581; x_wconf 84' lang='lat' dir='ltr'><strong>schismaticos,</strong></span> <span class='ocrx_word' id='word_1_68' title='bbox 3342 2523 3467 2571; x_wconf 89' lang='lat' dir='ltr'><strong>ante</strong></span> 
     </span>
    </p>
   </div>
   <div class='ocr_carea' id='block_1_14' title="bbox 204 2599 3469 2676">
    <p class='ocr_par' dir='ltr' id='par_1_14' title="bbox 204 2599 3469 2676">
     <span class='ocr_line' id='line_1_14' title="bbox 204 2599 3469 2676; baseline 0.001 -22"><span class='ocrx_word' id='word_1_69' title='bbox 204 2616 497 2671; x_wconf 70' lang='lat' dir='ltr'><strong>nunquam</strong></span> <span class='ocrx_word' id='word_1_70' title='bbox 529 2602 668 2669; x_wconf 83' lang='lat' dir='ltr'><strong>visa,</strong></span> <span class='ocrx_word' id='word_1_71' title='bbox 708 2603 960 2658; x_wconf 80' lang='lat' dir='ltr'><strong>inseruit.</strong></span> <span class='ocrx_word' id='word_1_72' title='bbox 999 2601 1210 2658; x_wconf 86' lang='lat' dir='ltr'><strong>Interea</strong></span> <span class='ocrx_word' id='word_1_73' title='bbox 1251 2601 1476 2656; x_wconf 88' lang='lat' dir='ltr'><strong>numine</strong></span> <span class='ocrx_word' id='word_1_74' title='bbox 1508 2601 1648 2656; x_wconf 87' lang='lat' dir='ltr'><strong>bene</strong></span> <span class='ocrx_word' id='word_1_75' title='bbox 1692 2599 1871 2655; x_wconf 89' lang='lat' dir='ltr'><strong>amico</strong></span> <span class='ocrx_word' id='word_1_76' title='bbox 1905 2616 1973 2655; x_wconf 79' lang='lat' dir='ltr'><strong>ex</strong></span> <span class='ocrx_word' id='word_1_77' title='bbox 2004 2602 2243 2663; x_wconf 80' lang='lat' dir='ltr'><strong>tenebris</strong></span> <span class='ocrx_word' id='word_1_78' title='bbox 2298 2604 2521 2660; x_wconf 83' lang='lat' dir='ltr'><strong>emersit</strong></span> <span class='ocrx_word' id='word_1_79' title='bbox 2568 2613 2623 2659; x_wconf 73' lang='lat' dir='ltr'><strong>rt</strong></span> <span class='ocrx_word' id='word_1_80' title='bbox 2677 2604 2778 2660; x_wconf 88' lang='lat' dir='ltr'><strong>iste</strong></span> <span class='ocrx_word' id='word_1_81' title='bbox 2825 2605 2922 2676; x_wconf 88' lang='lat' dir='ltr'><strong>qui</strong></span> <span class='ocrx_word' id='word_1_82' title='bbox 2972 2621 3119 2660; x_wconf 88' lang='lat' dir='ltr'><strong>nunc</strong></span> <span class='ocrx_word' id='word_1_83' title='bbox 3156 2606 3469 2675; x_wconf 84' lang='lat' dir='ltr'><strong>publicatur</strong></span> 
     </span>
    </p>
   </div>
   <div class='ocr_carea' id='block_1_15' title="bbox 204 2694 3465 2767">
    <p class='ocr_par' dir='ltr' id='par_1_15' title="bbox 204 2694 3465 2767">
     <span class='ocr_line' id='line_1_15' title="bbox 204 2694 3465 2767; baseline 0.001 -18"><span class='ocrx_word' id='word_1_84' title='bbox 204 2695 567 2763; x_wconf 81' lang='lat' dir='ltr'><strong>tractatulus,</strong></span> <span class='ocrx_word' id='word_1_85' title='bbox 595 2711 789 2767; x_wconf 85' lang='lat' dir='ltr'><strong>quem,</strong></span> <span class='ocrx_word' id='word_1_86' title='bbox 818 2706 878 2753; x_wconf 90' lang='lat' dir='ltr'><strong>ut</strong></span> <span class='ocrx_word' id='word_1_87' title='bbox 906 2697 1175 2761; x_wconf 84' lang='lat' dir='ltr'><strong>vindicem</strong></span> <span class='ocrx_word' id='word_1_88' title='bbox 1216 2694 1534 2766; x_wconf 77' lang='lat' dir='ltr'><strong>Gregoriani</strong></span> <span class='ocrx_word' id='word_1_89' title='bbox 1572 2695 1810 2752; x_wconf 88' lang='lat' dir='ltr'><strong>nominis</strong></span> <span class='ocrx_word' id='word_1_90' title='bbox 1834 2704 1889 2750; x_wconf 91' lang='lat' dir='ltr'><strong>et</strong></span> <span class='ocrx_word' id='word_1_91' title='bbox 1908 2696 2157 2763; x_wconf 88' lang='lat' dir='ltr'><strong>honoris,</strong></span> <span class='ocrx_word' id='word_1_92' title='bbox 2181 2712 2307 2752; x_wconf 90' lang='lat' dir='ltr'><strong>cum</strong></span> <span class='ocrx_word' id='word_1_93' title='bbox 2338 2695 2644 2752; x_wconf 77' lang='lat' dir='ltr'><strong>ortbodoxo</strong></span> <span class='ocrx_word' id='word_1_94' title='bbox 2678 2697 2879 2752; x_wconf 80' lang='lat' dir='ltr'><strong>lectore</strong></span> <span class='ocrx_word' id='word_1_95' title='bbox 2925 2696 3329 2751; x_wconf 80' lang='lat' dir='ltr'><strong>communicare</strong></span> <span class='ocrx_word' id='word_1_96' title='bbox 3353 2711 3465 2751; x_wconf 83' lang='lat' dir='ltr'><strong>non</strong></span> 
     </span>
    </p>
   </div>
   <div class='ocr_carea' id='block_1_16' title="bbox 126 2783 546 2840">
    <p class='ocr_par' dir='ltr' id='par_1_16' title="bbox 126 2783 546 2840">
     <span class='ocr_line' id='line_1_16' title="bbox 126 2783 546 2840; baseline 0.01 -4"><span class='ocrx_word' id='word_1_97' title='bbox 126 2800 138 2808; x_wconf 65' lang='grc' dir='ltr'><em>ο</em></span> <span class='ocrx_word' id='word_1_98' title='bbox 204 2783 546 2840; x_wconf 81' lang='lat' dir='ltr'><strong>distulimus.</strong></span> 
     </span>
    </p>
   </div>
   <div class='ocr_carea' id='block_1_17' title="bbox 275 2875 3458 2949">
    <p class='ocr_par' dir='ltr' id='par_1_17' title="bbox 275 2875 3458 2949">
     <span class='ocr_line' id='line_1_17' title="bbox 275 2875 3458 2949; baseline -0 -19"><span class='ocrx_word' id='word_1_99' title='bbox 275 2876 664 2945; x_wconf 86' lang='lat' dir='ltr'><strong>Gebebardus,</strong></span> <span class='ocrx_word' id='word_1_100' title='bbox 691 2894 857 2949; x_wconf 86' lang='lat' dir='ltr'><strong>quem</strong></span> <span class='ocrx_word' id='word_1_101' title='bbox 895 2879 1044 2934; x_wconf 80' lang='lat' dir='ltr'><strong>brevi</strong></span> <span class='ocrx_word' id='word_1_102' title='bbox 1092 2876 1394 2948; x_wconf 62' lang='lat' dir='ltr'><strong>praeloquio</strong></span> <span class='ocrx_word' id='word_1_103' title='bbox 1428 2876 1744 2947; x_wconf 88' lang='lat' dir='ltr'><strong>alloquitur,</strong></span> <span class='ocrx_word' id='word_1_104' title='bbox 1770 2875 2002 2933; x_wconf 78' lang='lat' dir='ltr'><strong>forsitan</strong></span> <span class='ocrx_word' id='word_1_105' title='bbox 2038 2876 2145 2932; x_wconf 88' lang='lat' dir='ltr'><strong>ille</strong></span> <span class='ocrx_word' id='word_1_106' title='bbox 2171 2876 2278 2933; x_wconf 90' lang='lat' dir='ltr'><strong>erit</strong></span> <span class='ocrx_word' id='word_1_107' title='bbox 2320 2876 2387 2932; x_wconf 85' lang='lat' dir='ltr'><strong>de</strong></span> <span class='ocrx_word' id='word_1_108' title='bbox 2432 2892 2544 2948; x_wconf 86' lang='lat' dir='ltr'><strong>quo</strong></span> <span class='ocrx_word' id='word_1_109' title='bbox 2586 2876 2888 2933; x_wconf 81' lang='lat' dir='ltr'><strong>Beroaldus</strong></span> <span class='ocrx_word' id='word_1_110' title='bbox 2925 2877 2979 2932; x_wconf 91' lang='lat' dir='ltr'><strong>in</strong></span> <span class='ocrx_word' id='word_1_111' title='bbox 3023 2893 3125 2934; x_wconf 88' lang='lat' dir='ltr'><strong>suo</strong></span> <span class='ocrx_word' id='word_1_112' title='bbox 3164 2876 3458 2941; x_wconf 79' lang='lat' dir='ltr'><strong>Chronico,</strong></span> 
     </span>
    </p>
   </div>
   <div class='ocr_carea' id='block_1_18' title="bbox 201 2955 3464 3042">
    <p class='ocr_par' dir='ltr' id='par_1_18' title="bbox 201 2955 3464 3042">
     <span class='ocr_line' id='line_1_18' title="bbox 201 2955 3464 3042; baseline -0 -18"><span class='ocrx_word' id='word_1_113' title='bbox 201 2980 352 3024; x_wconf 77' lang='lat' dir='ltr'><strong>anno</strong></span> <span class='ocrx_word' id='word_1_114' title='bbox 384 2968 543 3025; x_wconf 78' lang='grc'><strong>1098.</strong></span> <span class='ocrx_word' id='word_1_115' title='bbox 576 2967 881 3025; x_wconf 77' lang='lat' dir='ltr'><strong>Gebhardua</strong></span> <span class='ocrx_word' id='word_1_116' title='bbox 911 2971 1015 3042; x_wconf 86' lang='lat' dir='ltr'><strong>(sic</strong></span> <span class='ocrx_word' id='word_1_117' title='bbox 1040 2955 1186 3027; x_wconf 81' lang='lat' dir='ltr'><strong>enim</strong></span> <span class='ocrx_word' id='word_1_118' title='bbox 1206 2968 1518 3041; x_wconf 75' lang='lat' dir='ltr'><strong>legendum,</strong></span> <span class='ocrx_word' id='word_1_119' title='bbox 1544 2985 1652 3024; x_wconf 90' lang='lat' dir='ltr'><strong>non</strong></span> <span class='ocrx_word' id='word_1_120' title='bbox 1695 2978 1755 3026; x_wconf 89' lang='lat' dir='ltr'><strong>ut</strong></span> <span class='ocrx_word' id='word_1_121' title='bbox 1781 2969 2088 3027; x_wconf 86' lang='lat' dir='ltr'><strong>Urstisiana</strong></span> <span class='ocrx_word' id='word_1_122' title='bbox 2116 2970 2311 3037; x_wconf 88' lang='lat' dir='ltr'><strong>editio,</strong></span> <span class='ocrx_word' id='word_1_123' title='bbox 2346 2968 2670 3042; x_wconf 82' lang='lat' dir='ltr'><strong>Gerhardus)</strong></span> <span class='ocrx_word' id='word_1_124' title='bbox 2710 2970 3033 3027; x_wconf 77' lang='lat' dir='ltr'><strong>venerabilis</strong></span> <span class='ocrx_word' id='word_1_125' title='bbox 3054 2970 3215 3025; x_wconf 78' lang='lat' dir='ltr'><strong>abbas</strong></span> <span class='ocrx_word' id='word_1_126' title='bbox 3254 2968 3464 3038; x_wconf 79' lang='lat' dir='ltr'><strong>Seba/f-</strong></span> 
     </span>
    </p>
   </div>
   <div class='ocr_carea' id='block_1_19' title="bbox 202 3058 3459 3130">
    <p class='ocr_par' dir='ltr' id='par_1_19' title="bbox 202 3058 3459 3130">
     <span class='ocr_line' id='line_1_19' title="bbox 202 3058 3459 3130; baseline 0 -19"><span class='ocrx_word' id='word_1_127' title='bbox 202 3058 448 3112; x_wconf 74' lang='lat' dir='ltr'><strong>husensis</strong></span> <span class='ocrx_word' id='word_1_128' title='bbox 468 3075 564 3127; x_wconf 83' lang='lat' dir='ltr'><strong>pro</strong></span> <span class='ocrx_word' id='word_1_129' title='bbox 596 3058 905 3113; x_wconf 64' lang='lat' dir='ltr'><strong>humilitate</strong></span> <span class='ocrx_word' id='word_1_130' title='bbox 919 3059 1094 3114; x_wconf 87' lang='lat' dir='ltr'><strong>locum</strong></span> <span class='ocrx_word' id='word_1_131' title='bbox 1114 3075 1289 3125; x_wconf 80' lang='lat' dir='ltr'><strong>suum,</strong></span> <span class='ocrx_word' id='word_1_132' title='bbox 1322 3068 1581 3114; x_wconf 83' lang='lat' dir='ltr'><strong>annuente</strong></span> <span class='ocrx_word' id='word_1_133' title='bbox 1614 3061 1828 3114; x_wconf 85' lang='lat' dir='ltr'><strong>domino</strong></span> <span class='ocrx_word' id='word_1_134' title='bbox 1851 3077 2011 3130; x_wconf 85' lang='lat' dir='ltr'><strong>papa,</strong></span> <span class='ocrx_word' id='word_1_135' title='bbox 2037 3061 2271 3127; x_wconf 75' lang='lat' dir='ltr'><strong>dimisit,</strong></span> <span class='ocrx_word' id='word_1_136' title='bbox 2303 3069 2353 3116; x_wconf 90' lang='lat' dir='ltr'><strong>et</strong></span> <span class='ocrx_word' id='word_1_137' title='bbox 2377 3060 2441 3115; x_wconf 86' lang='lat' dir='ltr'><strong>ab</strong></span> <span class='ocrx_word' id='word_1_138' title='bbox 2469 3061 2582 3130; x_wconf 79' lang='lat' dir='ltr'><strong>ipso</strong></span> <span class='ocrx_word' id='word_1_139' title='bbox 2603 3062 3005 3125; x_wconf 75' lang='lat' dir='ltr'><strong>concessionem,</strong></span> <span class='ocrx_word' id='word_1_140' title='bbox 3030 3070 3086 3113; x_wconf 86' lang='lat' dir='ltr'><strong>ut</strong></span> <span class='ocrx_word' id='word_1_141' title='bbox 3117 3060 3256 3115; x_wconf 84' lang='lat' dir='ltr'><strong>alius</strong></span> <span class='ocrx_word' id='word_1_142' title='bbox 3290 3060 3459 3114; x_wconf 87' lang='lat' dir='ltr'><strong>eidem</strong></span> 
     </span>
    </p>
   </div>
   <div class='ocr_carea' id='block_1_20' title="bbox 200 3148 3454 3223">
    <p class='ocr_par' dir='ltr' id='par_1_20' title="bbox 200 3148 3454 3223">
     <span class='ocr_line' id='line_1_20' title="bbox 200 3148 3454 3223; baseline 0 -20"><span class='ocrx_word' id='word_1_143' title='bbox 200 3150 320 3203; x_wconf 84' lang='lat' dir='ltr'><strong>loco</strong></span> <span class='ocrx_word' id='word_1_144' title='bbox 342 3149 507 3204; x_wconf 77' lang='lat' dir='ltr'><strong>abbas</strong></span> <span class='ocrx_word' id='word_1_145' title='bbox 551 3151 929 3221; x_wconf 65' lang='lat' dir='ltr'><strong>praeficeretur,</strong></span> <span class='ocrx_word' id='word_1_146' title='bbox 960 3151 1279 3219; x_wconf 76' lang='lat' dir='ltr'><strong>impetravit.</strong></span> <span class='ocrx_word' id='word_1_147' title='bbox 1326 3150 1483 3217; x_wconf 83' lang='lat' dir='ltr'><strong>Item,</strong></span> <span class='ocrx_word' id='word_1_148' title='bbox 1508 3166 1646 3205; x_wconf 83' lang='lat' dir='ltr'><strong>anno</strong></span> <span class='ocrx_word' id='word_1_149' title='bbox 1689 3148 1855 3215; x_wconf 76' lang='lat'><strong>“00,</strong></span> <span class='ocrx_word' id='word_1_150' title='bbox 1878 3149 2219 3205; x_wconf 78' lang='lat' dir='ltr'><strong>Cebeltardus</strong></span> <span class='ocrx_word' id='word_1_151' title='bbox 2248 3150 2560 3205; x_wconf 74' lang='lat' dir='ltr'><strong>venerabilis</strong></span> <span class='ocrx_word' id='word_1_152' title='bbox 2596 3151 2779 3217; x_wconf 80' lang='lat' dir='ltr'><strong>abbas,</strong></span> <span class='ocrx_word' id='word_1_153' title='bbox 2809 3152 2899 3223; x_wconf 82' lang='lat' dir='ltr'><strong>qui</strong></span> <span class='ocrx_word' id='word_1_154' title='bbox 2925 3151 3131 3222; x_wconf 83' lang='lat' dir='ltr'><strong>pridem</strong></span> <span class='ocrx_word' id='word_1_155' title='bbox 3168 3149 3454 3220; x_wconf 67' lang='lat' dir='ltr'><strong>Sella/flm-</strong></span> 
     </span>
    </p>
   </div>
   <div class='ocr_carea' id='block_1_21' title="bbox 200 3238 3455 3313">
    <p class='ocr_par' dir='ltr' id='par_1_21' title="bbox 200 3238 3455 3313">
     <span class='ocr_line' id='line_1_21' title="bbox 200 3238 3455 3313; baseline 0.001 -21"><span class='ocrx_word' id='word_1_156' title='bbox 200 3255 406 3294; x_wconf 77' lang='lat' dir='ltr'><strong>sensem</strong></span> <span class='ocrx_word' id='word_1_157' title='bbox 447 3238 716 3295; x_wconf 84' lang='lat' dir='ltr'><strong>abbatiam</strong></span> <span class='ocrx_word' id='word_1_158' title='bbox 744 3258 841 3312; x_wconf 86' lang='lat' dir='ltr'><strong>pro</strong></span> <span class='ocrx_word' id='word_1_159' title='bbox 872 3241 982 3297; x_wconf 86' lang='lat' dir='ltr'><strong>Deo</strong></span> <span class='ocrx_word' id='word_1_160' title='bbox 1022 3242 1250 3309; x_wconf 75' lang='lat' dir='ltr'><strong>dimisit,</strong></span> <span class='ocrx_word' id='word_1_161' title='bbox 1278 3252 1326 3296; x_wconf 88' lang='lat' dir='ltr'><strong>et</strong></span> <span class='ocrx_word' id='word_1_162' title='bbox 1357 3243 1453 3297; x_wconf 80' lang='lat' dir='ltr'><strong>hoc</strong></span> <span class='ocrx_word' id='word_1_163' title='bbox 1479 3258 1598 3296; x_wconf 82' lang='lat' dir='ltr'><strong>cum</strong></span> <span class='ocrx_word' id='word_1_164' title='bbox 1624 3242 1942 3297; x_wconf 84' lang='lat' dir='ltr'><strong>auctoritate</strong></span> <span class='ocrx_word' id='word_1_165' title='bbox 1970 3241 2172 3295; x_wconf 88' lang='lat' dir='ltr'><strong>domini</strong></span> <span class='ocrx_word' id='word_1_166' title='bbox 2219 3241 2419 3297; x_wconf 86' lang='lat' dir='ltr'><strong>Urbani</strong></span> <span class='ocrx_word' id='word_1_167' title='bbox 2443 3258 2595 3312; x_wconf 80' lang='lat' dir='ltr'><strong>papa:</strong></span> <span class='ocrx_word' id='word_1_168' title='bbox 2623 3241 3048 3313; x_wconf 75' lang='lat' dir='ltr'><strong>Hierosolymam</strong></span> <span class='ocrx_word' id='word_1_169' title='bbox 3078 3259 3195 3296; x_wconf 88' lang='lat' dir='ltr'><strong>cum</strong></span> <span class='ocrx_word' id='word_1_170' title='bbox 3221 3242 3455 3296; x_wconf 65' lang='lat' dir='ltr'><strong>exercitu</strong></span> 
     </span>
    </p>
   </div>
   <div class='ocr_carea' id='block_1_22' title="bbox 201 3329 3463 3404">
    <p class='ocr_par' dir='ltr' id='par_1_22' title="bbox 201 3329 3463 3404">
     <span class='ocr_line' id='line_1_22' title="bbox 201 3329 3463 3404; baseline 0.002 -21"><span class='ocrx_word' id='word_1_171' title='bbox 201 3329 635 3387; x_wconf 78' lang='lat' dir='ltr'><strong>Christianorum</strong></span> <span class='ocrx_word' id='word_1_172' title='bbox 671 3335 845 3404; x_wconf 79' lang='lat' dir='ltr'><strong>petiit,</strong></span> <span class='ocrx_word' id='word_1_173' title='bbox 870 3334 960 3404; x_wconf 78' lang='lat' dir='ltr'><strong>qui</strong></span> <span class='ocrx_word' id='word_1_174' title='bbox 1001 3342 1118 3404; x_wconf 81' lang='lat' dir='ltr'><strong>post</strong></span> <span class='ocrx_word' id='word_1_175' title='bbox 1148 3338 1342 3389; x_wconf 80' lang='lat' dir='ltr'><strong>multos</strong></span> <span class='ocrx_word' id='word_1_176' title='bbox 1371 3334 1576 3389; x_wconf 76' lang='lat' dir='ltr'><strong>labores</strong></span> <span class='ocrx_word' id='word_1_177' title='bbox 1617 3334 1884 3388; x_wconf 82' lang='lat' dir='ltr'><strong>civitatem</strong></span> <span class='ocrx_word' id='word_1_178' title='bbox 1912 3332 2271 3401; x_wconf 82' lang='lat' dir='ltr'><strong>obtinuerunt,</strong></span> <span class='ocrx_word' id='word_1_179' title='bbox 2301 3343 2353 3389; x_wconf 83' lang='lat' dir='ltr'><strong>et</strong></span> <span class='ocrx_word' id='word_1_180' title='bbox 2389 3334 2643 3404; x_wconf 63' lang='lat' dir='ltr'><strong>praedicto</strong></span> <span class='ocrx_word' id='word_1_181' title='bbox 2695 3334 2875 3390; x_wconf 82' lang='lat' dir='ltr'><strong>abbati</strong></span> <span class='ocrx_word' id='word_1_182' title='bbox 2914 3333 3211 3403; x_wconf 70' lang='lat' dir='ltr'><strong>sepulcrum</strong></span> <span class='ocrx_word' id='word_1_183' title='bbox 3246 3332 3463 3395; x_wconf 85' lang='lat' dir='ltr'><strong>Domini</strong></span> 
     </span>
    </p>
   </div>
   <div class='ocr_carea' id='block_1_23' title="bbox 202 3422 3107 3496">
    <p class='ocr_par' dir='ltr' id='par_1_23' title="bbox 202 3422 3107 3496">
     <span class='ocr_line' id='line_1_23' title="bbox 202 3422 3107 3496; baseline 0.006 -23"><span class='ocrx_word' id='word_1_184' title='bbox 202 3422 605 3480; x_wconf 77' lang='lat' dir='ltr'><strong>custodiendum</strong></span> <span class='ocrx_word' id='word_1_185' title='bbox 643 3426 1033 3479; x_wconf 73' lang='lat' dir='ltr'><strong>commiserunt.</strong></span> <span class='ocrx_word' id='word_1_186' title='bbox 1135 3490 1140 3496; x_wconf 85' lang='lat'><strong>_</strong></span> <span class='ocrx_word' id='word_1_187' title='bbox 3104 3488 3107 3491; x_wconf 72' lang='lat'><strong>.</strong></span> 
     </span>
    </p>
   </div>
   <div class='ocr_carea' id='block_1_24' title="bbox 272 3512 3457 3587">
    <p class='ocr_par' dir='ltr' id='par_1_24' title="bbox 272 3512 3457 3587">
     <span class='ocr_line' id='line_1_24' title="bbox 272 3512 3457 3587; baseline 0.001 -19"><span class='ocrx_word' id='word_1_188' title='bbox 272 3512 447 3569; x_wconf 88' lang='lat' dir='ltr'><strong>Porro</strong></span> <span class='ocrx_word' id='word_1_189' title='bbox 473 3515 737 3586; x_wconf 90' lang='lat' dir='ltr'><strong>quidquid</strong></span> <span class='ocrx_word' id='word_1_190' title='bbox 773 3516 828 3570; x_wconf 91' lang='lat' dir='ltr'><strong>in</strong></span> <span class='ocrx_word' id='word_1_191' title='bbox 863 3516 971 3572; x_wconf 91' lang='lat' dir='ltr'><strong>boc</strong></span> <span class='ocrx_word' id='word_1_192' title='bbox 1009 3516 1280 3587; x_wconf 88' lang='lat' dir='ltr'><strong>opusculo</strong></span> <span class='ocrx_word' id='word_1_193' title='bbox 1321 3515 1620 3572; x_wconf 87' lang='lat' dir='ltr'><strong>Bcrnaldus</strong></span> <span class='ocrx_word' id='word_1_194' title='bbox 1645 3515 1906 3586; x_wconf 82' lang='lat' dir='ltr'><strong>disputat,</strong></span> <span class='ocrx_word' id='word_1_195' title='bbox 1934 3514 1987 3570; x_wconf 92' lang='lat' dir='ltr'><strong>id</strong></span> <span class='ocrx_word' id='word_1_196' title='bbox 2014 3530 2082 3570; x_wconf 89' lang='lat' dir='ltr'><strong>eo</strong></span> <span class='ocrx_word' id='word_1_197' title='bbox 2117 3516 2288 3571; x_wconf 87' lang='lat' dir='ltr'><strong>tendit</strong></span> <span class='ocrx_word' id='word_1_198' title='bbox 2319 3524 2381 3572; x_wconf 90' lang='lat' dir='ltr'><strong>ut</strong></span> <span class='ocrx_word' id='word_1_199' title='bbox 2418 3516 2674 3572; x_wconf 85' lang='lat' dir='ltr'><strong>ostendat</strong></span> <span class='ocrx_word' id='word_1_200' title='bbox 2700 3515 2945 3587; x_wconf 78' lang='lat' dir='ltr'><strong>Gregorii</strong></span> <span class='ocrx_word' id='word_1_201' title='bbox 2988 3514 3080 3569; x_wconf 78' lang='lat' dir='ltr'><strong>VII</strong></span> <span class='ocrx_word' id='word_1_202' title='bbox 3121 3523 3177 3572; x_wconf 87' lang='lat' dir='ltr'><strong>et</strong></span> <span class='ocrx_word' id='word_1_203' title='bbox 3222 3515 3457 3583; x_wconf 83' lang='lat' dir='ltr'><strong>aliorum</strong></span> 
     </span>
    </p>
   </div>
   <div class='ocr_carea' id='block_1_25' title="bbox 202 3604 3461 3675">
    <p class='ocr_par' dir='ltr' id='par_1_25' title="bbox 202 3604 3461 3675">
     <span class='ocr_line' id='line_1_25' title="bbox 202 3604 3461 3675; baseline -0 -11"><span class='ocrx_word' id='word_1_204' title='bbox 202 3605 573 3664; x_wconf 76' lang='lat' dir='ltr'><strong>recentiorum</strong></span> <span class='ocrx_word' id='word_1_205' title='bbox 623 3605 945 3675; x_wconf 77' lang='lat' dir='ltr'><strong>pontificum</strong></span> <span class='ocrx_word' id='word_1_206' title='bbox 989 3606 1221 3662; x_wconf 89' lang='lat' dir='ltr'><strong>decretis</strong></span> <span class='ocrx_word' id='word_1_207' title='bbox 1275 3621 1385 3660; x_wconf 91' lang='lat' dir='ltr'><strong>non</strong></span> <span class='ocrx_word' id='word_1_208' title='bbox 1435 3606 1701 3661; x_wconf 84' lang='lat' dir='ltr'><strong>minorem</strong></span> <span class='ocrx_word' id='word_1_209' title='bbox 1738 3604 2129 3672; x_wconf 82' lang='lat' dir='ltr'><strong>reverentiam,</strong></span> <span class='ocrx_word' id='word_1_210' title='bbox 2175 3605 2578 3661; x_wconf 83' lang='lat' dir='ltr'><strong>observantiam</strong></span> <span class='ocrx_word' id='word_1_211' title='bbox 2628 3613 2683 3659; x_wconf 92' lang='lat' dir='ltr'><strong>et</strong></span> <span class='ocrx_word' id='word_1_212' title='bbox 2738 3604 3103 3661; x_wconf 84' lang='lat' dir='ltr'><strong>obedientiam</strong></span> <span class='ocrx_word' id='word_1_213' title='bbox 3157 3606 3341 3661; x_wconf 84' lang='lat' dir='ltr'><strong>deberi</strong></span> <span class='ocrx_word' id='word_1_214' title='bbox 3396 3623 3461 3663; x_wconf 91' lang='lat' dir='ltr'><strong>ac</strong></span> 
     </span>
    </p>
   </div>
   <div class='ocr_carea' id='block_1_26' title="bbox 202 3698 3461 3770">
    <p class='ocr_par' dir='ltr' id='par_1_26' title="bbox 202 3698 3461 3770">
     <span class='ocr_line' id='line_1_26' title="bbox 202 3698 3461 3770; baseline -0.002 -12"><span class='ocrx_word' id='word_1_215' title='bbox 202 3700 424 3758; x_wconf 70' lang='lat' dir='ltr'><strong>statutis</strong></span> <span class='ocrx_word' id='word_1_216' title='bbox 458 3709 702 3756; x_wconf 84' lang='lat' dir='ltr'><strong>veterum</strong></span> <span class='ocrx_word' id='word_1_217' title='bbox 722 3700 1042 3770; x_wconf 81' lang='lat' dir='ltr'><strong>pontificum</strong></span> <span class='ocrx_word' id='word_1_218' title='bbox 1068 3708 1126 3755; x_wconf 87' lang='lat' dir='ltr'><strong>et</strong></span> <span class='ocrx_word' id='word_1_219' title='bbox 1150 3700 1543 3767; x_wconf 84' lang='lat' dir='ltr'><strong>conciliorum;</strong></span> <span class='ocrx_word' id='word_1_220' title='bbox 1571 3714 1638 3754; x_wconf 88' lang='lat' dir='ltr'><strong>ac</strong></span> <span class='ocrx_word' id='word_1_221' title='bbox 1676 3705 1963 3768; x_wconf 77' lang='lat' dir='ltr'><strong>propterea</strong></span> <span class='ocrx_word' id='word_1_222' title='bbox 2006 3698 2512 3754; x_wconf 78' lang='lat' dir='ltr'><strong>exeommunicatos</strong></span> <span class='ocrx_word' id='word_1_223' title='bbox 2543 3707 2674 3754; x_wconf 88' lang='lat' dir='ltr'><strong>tunc</strong></span> <span class='ocrx_word' id='word_1_224' title='bbox 2716 3714 2747 3752; x_wconf 92' lang='lat' dir='ltr'><strong>a</strong></span> <span class='ocrx_word' id='word_1_225' title='bbox 2775 3698 2903 3753; x_wconf 85' lang='lat' dir='ltr'><strong>sede</strong></span> <span class='ocrx_word' id='word_1_226' title='bbox 2929 3698 3228 3768; x_wconf 87' lang='lat' dir='ltr'><strong>apostolica</strong></span> <span class='ocrx_word' id='word_1_227' title='bbox 3264 3699 3461 3754; x_wconf 87' lang='lat' dir='ltr'><strong>merito</strong></span> 
     </span>
    </p>
   </div>
   <div class='ocr_carea' id='block_1_27' title="bbox 202 3787 3457 3860">
    <p class='ocr_par' dir='ltr' id='par_1_27' title="bbox 202 3787 3457 3860">
     <span class='ocr_line' id='line_1_27' title="bbox 202 3787 3457 3860; baseline -0.001 -12"><span class='ocrx_word' id='word_1_228' title='bbox 202 3791 403 3859; x_wconf 75' lang='lat' dir='ltr'><strong>vitari;</strong></span> <span class='ocrx_word' id='word_1_229' title='bbox 437 3807 688 3848; x_wconf 86' lang='lat' dir='ltr'><strong>reversos</strong></span> <span class='ocrx_word' id='word_1_230' title='bbox 722 3801 929 3859; x_wconf 88' lang='lat' dir='ltr'><strong>tamen,</strong></span> <span class='ocrx_word' id='word_1_231' title='bbox 953 3792 1038 3848; x_wconf 89' lang='lat' dir='ltr'><strong>vel</strong></span> <span class='ocrx_word' id='word_1_232' title='bbox 1059 3793 1128 3848; x_wconf 87' lang='lat' dir='ltr'><strong>ad</strong></span> <span class='ocrx_word' id='word_1_233' title='bbox 1148 3792 1431 3847; x_wconf 87' lang='lat' dir='ltr'><strong>meliorem</strong></span> <span class='ocrx_word' id='word_1_234' title='bbox 1452 3797 1688 3846; x_wconf 90' lang='lat' dir='ltr'><strong>mentem</strong></span> <span class='ocrx_word' id='word_1_235' title='bbox 1713 3788 1911 3844; x_wconf 89' lang='lat' dir='ltr'><strong>reverti</strong></span> <span class='ocrx_word' id='word_1_236' title='bbox 1935 3787 2242 3858; x_wconf 81' lang='lat' dir='ltr'><strong>cupientes,</strong></span> <span class='ocrx_word' id='word_1_237' title='bbox 2261 3789 2387 3859; x_wconf 92' lang='lat' dir='ltr'><strong>jure</strong></span> <span class='ocrx_word' id='word_1_238' title='bbox 2410 3788 2578 3860; x_wconf 87' lang='lat' dir='ltr'><strong>recipi</strong></span> <span class='ocrx_word' id='word_1_239' title='bbox 2598 3797 2655 3846; x_wconf 90' lang='lat' dir='ltr'><strong>et</strong></span> <span class='ocrx_word' id='word_1_240' title='bbox 2686 3788 2848 3845; x_wconf 88' lang='lat' dir='ltr'><strong>venia</strong></span> <span class='ocrx_word' id='word_1_241' title='bbox 2871 3787 3095 3856; x_wconf 86' lang='lat' dir='ltr'><strong>donari;</strong></span> <span class='ocrx_word' id='word_1_242' title='bbox 3126 3797 3283 3844; x_wconf 86' lang='lat' dir='ltr'><strong>erant</strong></span> <span class='ocrx_word' id='word_1_243' title='bbox 3312 3788 3457 3845; x_wconf 84' lang='lat' dir='ltr'><strong>enim</strong></span> 
     </span>
    </p>
   </div>
   <div class='ocr_carea' id='block_1_28' title="bbox 202 3881 2195 3959">
    <p class='ocr_par' dir='ltr' id='par_1_28' title="bbox 202 3881 2195 3959">
     <span class='ocr_line' id='line_1_28' title="bbox 202 3881 2195 3959; baseline -0.002 -19"><span class='ocrx_word' id='word_1_244' title='bbox 202 3886 299 3959; x_wconf 74' lang='lat' dir='ltr'><strong>qui</strong></span> <span class='ocrx_word' id='word_1_245' title='bbox 318 3902 382 3943; x_wconf 85' lang='lat' dir='ltr'><strong>se</strong></span> <span class='ocrx_word' id='word_1_246' title='bbox 404 3884 574 3959; x_wconf 85' lang='lat' dir='ltr'><strong>lapsis</strong></span> <span class='ocrx_word' id='word_1_247' title='bbox 594 3885 652 3943; x_wconf 88' lang='lat' dir='ltr'><strong>in</strong></span> <span class='ocrx_word' id='word_1_248' title='bbox 674 3885 913 3946; x_wconf 83' lang='lat' dir='ltr'><strong>schisma</strong></span> <span class='ocrx_word' id='word_1_249' title='bbox 944 3884 1246 3957; x_wconf 74' lang='lat' dir='ltr'><strong>regidiores</strong></span> <span class='ocrx_word' id='word_1_250' title='bbox 1277 3899 1445 3954; x_wconf 88' lang='lat' dir='ltr'><strong>quam</strong></span> <span class='ocrx_word' id='word_1_251' title='bbox 1471 3881 1757 3956; x_wconf 88' lang='lat' dir='ltr'><strong>oportebat</strong></span> <span class='ocrx_word' id='word_1_252' title='bbox 1787 3881 2093 3951; x_wconf 83' lang='lat' dir='ltr'><strong>praeberent</strong></span> <span class='ocrx_word' id='word_1_253' title='bbox 2192 3934 2195 3937; x_wconf 89' lang='lat'><strong>.</strong></span> 
     </span>
    </p>
   </div>
   <div class='ocr_carea' id='block_1_29' title="bbox 1613 3997 2014 4012">
    <p class='ocr_par' dir='ltr' id='par_1_29' title="bbox 1613 3997 2014 4012">
     <span class='ocr_line' id='line_1_29' title="bbox 1613 3997 2014 4012; baseline 0.002 -3"><span class='ocrx_word' id='word_1_254' title='bbox 1613 3997 2014 4012; x_wconf 43' lang='lat' dir='ltr'>ﬂ</span> 
     </span>
    </p>
   </div>
   <div class='ocr_carea' id='block_1_30' title="bbox 272 4147 3454 4225">
    <p class='ocr_par' dir='ltr' id='par_1_30' title="bbox 272 4147 3454 4225">
     <span class='ocr_line' id='line_1_30' title="bbox 272 4147 3454 4225; baseline -0.001 -14"><span class='ocrx_word' id='word_1_255' title='bbox 272 4156 504 4212; x_wconf 84' lang='lat' dir='ltr'><strong>Domino</strong></span> <span class='ocrx_word' id='word_1_256' title='bbox 524 4172 589 4213; x_wconf 89' lang='lat' dir='ltr'><strong>ac</strong></span> <span class='ocrx_word' id='word_1_257' title='bbox 611 4155 904 4213; x_wconf 82' lang='lat' dir='ltr'><strong>venerabili</strong></span> <span class='ocrx_word' id='word_1_258' title='bbox 939 4155 1262 4213; x_wconf 60' lang='grc' dir='ltr'><strong>ϐεβιωκυο</strong></span> <span class='ocrx_word' id='word_1_259' title='bbox 1295 4152 1618 4225; x_wconf 65' lang='lat' dir='ltr'><strong>evangelica:</strong></span> <span class='ocrx_word' id='word_1_260' title='bbox 1646 4167 1773 4222; x_wconf 88' lang='lat' dir='ltr'><strong>per-</strong></span> <span class='ocrx_word' id='word_1_261' title='bbox 1801 4152 1849 4208; x_wconf 83' lang='grc' dir='ltr'><strong>Α</strong></span> <span class='ocrx_word' id='word_1_262' title='bbox 1875 4164 1934 4207; x_wconf 88' lang='lat' dir='ltr'><strong>se</strong></span> <span class='ocrx_word' id='word_1_263' title='bbox 1963 4149 2159 4204; x_wconf 88' lang='lat' dir='ltr'><strong>saltem</strong></span> <span class='ocrx_word' id='word_1_264' title='bbox 2194 4147 2264 4203; x_wconf 91' lang='lat' dir='ltr'><strong>ab</strong></span> <span class='ocrx_word' id='word_1_265' title='bbox 2288 4164 2480 4203; x_wconf 89' lang='lat' dir='ltr'><strong>eorum</strong></span> <span class='ocrx_word' id='word_1_266' title='bbox 2509 4149 2763 4220; x_wconf 83' lang='lat' dir='ltr'><strong>contagio</strong></span> <span class='ocrx_word' id='word_1_267' title='bbox 2815 4148 3115 4207; x_wconf 88' lang='lat' dir='ltr'><strong>immunem</strong></span> <span class='ocrx_word' id='word_1_268' title='bbox 3163 4152 3454 4209; x_wconf 71' lang='lat' dir='ltr'><strong>custodiat.</strong></span> 
     </span>
    </p>
   </div>
   <div class='ocr_carea' id='block_1_31' title="bbox 196 4236 3459 4317">
    <p class='ocr_par' dir='ltr' id='par_1_31' title="bbox 196 4236 3459 4317">
     <span class='ocr_line' id='line_1_31' title="bbox 196 4236 3459 4317; baseline -0.002 -14"><span class='ocrx_word' id='word_1_269' title='bbox 196 4247 452 4305; x_wconf 86' lang='lat' dir='ltr'><strong>fectionis</strong></span> <span class='ocrx_word' id='word_1_270' title='bbox 497 4248 618 4304; x_wconf 83' lang='lat' dir='ltr'><strong>viro</strong></span> <span class='ocrx_word' id='word_1_271' title='bbox 673 4247 988 4305; x_wconf 72' lang='lat' dir='ltr'><strong>Bsmunnus</strong></span> <span class='ocrx_word' id='word_1_272' title='bbox 1035 4249 1152 4304; x_wconf 90' lang='lat' dir='ltr'><strong>solo</strong></span> <span class='ocrx_word' id='word_1_273' title='bbox 1202 4247 1424 4302; x_wconf 89' lang='lat' dir='ltr'><strong>nomine</strong></span> <span class='ocrx_word' id='word_1_274' title='bbox 1476 4245 1776 4317; x_wconf 79' lang='lat' dir='ltr'><strong>presbyter,</strong></span> <span class='ocrx_word' id='word_1_275' title='bbox 1879 4236 2280 4309; x_wconf 88' lang='lat' dir='ltr'><strong>Omnipotentis</strong></span> <span class='ocrx_word' id='word_1_276' title='bbox 2325 4238 2421 4295; x_wconf 87' lang='lat' dir='ltr'><strong>Dei</strong></span> <span class='ocrx_word' id='word_1_277' title='bbox 2474 4236 2852 4297; x_wconf 83' lang='lat' dir='ltr'><strong>misericordia</strong></span> <span class='ocrx_word' id='word_1_278' title='bbox 2894 4256 2992 4295; x_wconf 90' lang='lat' dir='ltr'><strong>vos</strong></span> <span class='ocrx_word' id='word_1_279' title='bbox 3036 4258 3250 4313; x_wconf 85' lang='lat' dir='ltr'><strong>semper</strong></span> <span class='ocrx_word' id='word_1_280' title='bbox 3308 4244 3459 4298; x_wconf 86' lang='lat' dir='ltr'><strong>inco-</strong></span> 
     </span>
    </p>
   </div>
   <div class='ocr_carea' id='block_1_32' title="bbox 196 4329 3456 4410">
    <p class='ocr_par' dir='ltr' id='par_1_32' title="bbox 196 4329 3456 4410">
     <span class='ocr_line' id='line_1_32' title="bbox 196 4329 3456 4410; baseline -0.003 -14"><span class='ocrx_word' id='word_1_281' title='bbox 196 4357 308 4396; x_wconf 90' lang='lat' dir='ltr'><strong>non</strong></span> <span class='ocrx_word' id='word_1_282' title='bbox 372 4341 650 4407; x_wconf 90' lang='lat' dir='ltr'><strong>moribus,</strong></span> <span class='ocrx_word' id='word_1_283' title='bbox 697 4348 822 4410; x_wconf 84' lang='lat' dir='ltr'><strong>post</strong></span> <span class='ocrx_word' id='word_1_284' title='bbox 862 4339 1235 4394; x_wconf 86' lang='lat' dir='ltr'><strong>transitoriam</strong></span> <span class='ocrx_word' id='word_1_285' title='bbox 1291 4338 1455 4407; x_wconf 86' lang='lat' dir='ltr'><strong>hujus</strong></span> <span class='ocrx_word' id='word_1_286' title='bbox 1502 4338 1628 4392; x_wconf 72' lang='lat' dir='ltr'><strong>vita:</strong></span> <span class='ocrx_word' id='word_1_287' title='bbox 1678 4351 1775 4406; x_wconf 90' lang='lat' dir='ltr'><strong>pe-</strong></span> <span class='ocrx_word' id='word_1_288' title='bbox 1874 4329 2077 4386; x_wconf 90' lang='lat' dir='ltr'><strong>lumem</strong></span> <span class='ocrx_word' id='word_1_289' title='bbox 2113 4331 2396 4400; x_wconf 89' lang='lat' dir='ltr'><strong>nostrique</strong></span> <span class='ocrx_word' id='word_1_290' title='bbox 2426 4345 2725 4386; x_wconf 89' lang='lat' dir='ltr'><strong>memorem</strong></span> <span class='ocrx_word' id='word_1_291' title='bbox 2752 4338 3019 4403; x_wconf 83' lang='lat' dir='ltr'><strong>protegat,</strong></span> <span class='ocrx_word' id='word_1_292' title='bbox 3045 4332 3242 4387; x_wconf 87' lang='lat' dir='ltr'><strong>domne</strong></span> <span class='ocrx_word' id='word_1_293' title='bbox 3287 4332 3456 4387; x_wconf 85' lang='lat' dir='ltr'><strong>frater</strong></span> 
     </span>
    </p>
   </div>
   <div class='ocr_carea' id='block_1_33' title="bbox 194 4421 2337 4505">
    <p class='ocr_par' dir='ltr' id='par_1_33' title="bbox 194 4421 2337 4505">
     <span class='ocr_line' id='line_1_33' title="bbox 194 4421 2337 4505; baseline -0.001 -18"><span class='ocrx_word' id='word_1_294' title='bbox 194 4432 660 4505; x_wconf 74' lang='lat' dir='ltr'><strong>regrinationem,</strong></span> <span class='ocrx_word' id='word_1_295' title='bbox 706 4433 944 4489; x_wconf 69' lang='lat' dir='ltr'><strong>caelestis</strong></span> <span class='ocrx_word' id='word_1_296' title='bbox 997 4431 1187 4504; x_wconf 69' lang='lat' dir='ltr'><strong>patriae</strong></span> <span class='ocrx_word' id='word_1_297' title='bbox 1238 4439 1499 4487; x_wconf 82' lang='lat' dir='ltr'><strong>aeternam</strong></span> <span class='ocrx_word' id='word_1_298' title='bbox 1551 4444 1774 4500; x_wconf 68' lang='lat' dir='ltr'><strong>posses~</strong></span> <span class='ocrx_word' id='word_1_299' title='bbox 1875 4421 2270 4476; x_wconf 50' lang='lat' dir='ltr'><strong>amantissima</strong></span> <span class='ocrx_word' id='word_1_300' title='bbox 2317 4440 2337 4471; x_wconf 72' lang='grc' dir='ltr'><strong>ι</strong></span> 
     </span>
    </p>
   </div>
   <div class='ocr_carea' id='block_1_34' title="bbox 194 4524 3458 4602">
    <p class='ocr_par' dir='ltr' id='par_1_34' title="bbox 194 4524 3458 4602">
     <span class='ocr_line' id='line_1_34' title="bbox 194 4524 3458 4602; baseline 0.001 -20"><span class='ocrx_word' id='word_1_301' title='bbox 194 4524 426 4582; x_wconf 84' lang='lat' dir='ltr'><strong>sionem.</strong></span> <span class='ocrx_word' id='word_1_302' title='bbox 1944 4529 2222 4597; x_wconf 85' lang='lat' dir='ltr'><strong>Quantum</strong></span> <span class='ocrx_word' id='word_1_303' title='bbox 2269 4547 2336 4587; x_wconf 80' lang='lat' dir='ltr'><strong>ex</strong></span> <span class='ocrx_word' id='word_1_304' title='bbox 2391 4531 2821 4602; x_wconf 90' lang='lat' dir='ltr'><strong>apostolicorum</strong></span> <span class='ocrx_word' id='word_1_305' title='bbox 2872 4532 3119 4588; x_wconf 86' lang='lat' dir='ltr'><strong>virorum</strong></span> <span class='ocrx_word' id='word_1_306' title='bbox 3169 4529 3458 4587; x_wconf 87' lang='lat' dir='ltr'><strong>sententiis</strong></span> 
     </span>
    </p>
   </div>
   <div class='ocr_carea' id='block_1_35' title="bbox 265 4607 3459 4695">
    <p class='ocr_par' dir='ltr' id='par_1_35' title="bbox 265 4607 3459 4695">
     <span class='ocr_line' id='line_1_35' title="bbox 265 4607 3459 4695; baseline 0.002 -27"><span class='ocrx_word' id='word_1_307' title='bbox 265 4634 287 4668; x_wconf 73' lang='grc' dir='ltr'><strong><em>ι</em></strong></span> <span class='ocrx_word' id='word_1_308' title='bbox 329 4614 405 4671; x_wconf 87' lang='lat' dir='ltr'><strong>De</strong></span> <span class='ocrx_word' id='word_1_309' title='bbox 434 4614 743 4686; x_wconf 86' lang='lat' dir='ltr'><strong>periculosa</strong></span> <span class='ocrx_word' id='word_1_310' title='bbox 761 4607 1362 4673; x_wconf 80' lang='lat' dir='ltr'><strong>excommunicatorum</strong></span> <span class='ocrx_word' id='word_1_311' title='bbox 1387 4615 1773 4672; x_wconf 87' lang='lat' dir='ltr'><strong>communione</strong></span> <span class='ocrx_word' id='word_1_312' title='bbox 1873 4624 2129 4695; x_wconf 81' lang='lat' dir='ltr'><strong>colligere</strong></span> <span class='ocrx_word' id='word_1_313' title='bbox 2157 4624 2471 4694; x_wconf 84' lang='lat' dir='ltr'><strong>potuimus,</strong></span> <span class='ocrx_word' id='word_1_314' title='bbox 2502 4632 2614 4679; x_wconf 89' lang='lat' dir='ltr'><strong>tres</strong></span> <span class='ocrx_word' id='word_1_315' title='bbox 2650 4632 2781 4680; x_wconf 87' lang='lat' dir='ltr'><strong>sunt</strong></span> <span class='ocrx_word' id='word_1_316' title='bbox 2812 4638 3061 4694; x_wconf 85' lang='lat' dir='ltr'><strong>personae</strong></span> <span class='ocrx_word' id='word_1_317' title='bbox 3098 4638 3237 4692; x_wconf 91' lang='lat' dir='ltr'><strong>quas</strong></span> <span class='ocrx_word' id='word_1_318' title='bbox 3283 4621 3459 4683; x_wconf 82' lang='lat' dir='ltr'><strong>sancti</strong></span> 
     </span>
    </p>
   </div>
   <div class='ocr_carea' id='block_1_36' title="bbox 186 4706 3460 4777">
    <p class='ocr_par' dir='ltr' id='par_1_36' title="bbox 186 4706 3460 4777">
     <span class='ocr_line' id='line_1_36' title="bbox 186 4706 3460 4777; baseline -0.002 -4"><span class='ocrx_word' id='word_1_319' title='bbox 186 4706 441 4773; x_wconf 55' lang='lat' dir='ltr'><strong>Vitanda.</strong></span> <span class='ocrx_word' id='word_1_320' title='bbox 488 4708 544 4763; x_wconf 72' lang='grc' dir='ltr'>ῖη</span> <span class='ocrx_word' id='word_1_321' title='bbox 592 4714 861 4776; x_wconf 59' lang='lat' dir='ltr'><strong>quantum</strong></span> <span class='ocrx_word' id='word_1_322' title='bbox 912 4707 1226 4777; x_wconf 70' lang='grc' dir='ltr'><strong>Ροῑυίωυεν</strong></span> <span class='ocrx_word' id='word_1_323' title='bbox 1277 4715 1473 4764; x_wconf 53' lang='lat' dir='ltr'><strong>Vestra?</strong></span> <span class='ocrx_word' id='word_1_324' title='bbox 1522 4706 1771 4776; x_wconf 86' lang='lat' dir='ltr'><strong>petitioni</strong></span> <span class='ocrx_word' id='word_1_325' title='bbox 1872 4712 2062 4770; x_wconf 90' lang='lat' dir='ltr'><strong>Patres</strong></span> <span class='ocrx_word' id='word_1_326' title='bbox 2097 4716 2273 4770; x_wconf 88' lang='lat' dir='ltr'><strong>nostri</strong></span> <span class='ocrx_word' id='word_1_327' title='bbox 2313 4716 2417 4770; x_wconf 88' lang='lat' dir='ltr'><strong>sub</strong></span> <span class='ocrx_word' id='word_1_328' title='bbox 2444 4715 3014 4773; x_wconf 85' lang='lat' dir='ltr'><strong>excommunicatione</strong></span> <span class='ocrx_word' id='word_1_329' title='bbox 3040 4713 3261 4769; x_wconf 87' lang='lat' dir='ltr'><strong>multari</strong></span> <span class='ocrx_word' id='word_1_330' title='bbox 3302 4720 3460 4766; x_wconf 89' lang='lat' dir='ltr'><strong>nota-</strong></span> 
     </span>
    </p>
   </div>
   <div class='ocr_carea' id='block_1_37' title="bbox 189 4797 3458 4881">
    <p class='ocr_par' dir='ltr' id='par_1_37' title="bbox 189 4797 3458 4881">
     <span class='ocr_line' id='line_1_37' title="bbox 189 4797 3458 4881; baseline -0 -26"><span class='ocrx_word' id='word_1_331' title='bbox 189 4798 482 4855; x_wconf 88' lang='lat' dir='ltr'><strong>scribendo</strong></span> <span class='ocrx_word' id='word_1_332' title='bbox 508 4797 825 4854; x_wconf 81' lang='lat' dir='ltr'><strong>satisfacere</strong></span> <span class='ocrx_word' id='word_1_333' title='bbox 845 4800 1173 4855; x_wconf 87' lang='lat' dir='ltr'><strong>studuimus.</strong></span> <span class='ocrx_word' id='word_1_334' title='bbox 1203 4798 1308 4855; x_wconf 89' lang='lat' dir='ltr'><strong>Sed</strong></span> <span class='ocrx_word' id='word_1_335' title='bbox 1328 4808 1384 4854; x_wconf 89' lang='lat' dir='ltr'><strong>et</strong></span> <span class='ocrx_word' id='word_1_336' title='bbox 1408 4798 1513 4853; x_wconf 90' lang='lat' dir='ltr'><strong>alia</strong></span> <span class='ocrx_word' id='word_1_337' title='bbox 1537 4798 1771 4869; x_wconf 85' lang='lat' dir='ltr'><strong>adjicere</strong></span> <span class='ocrx_word' id='word_1_338' title='bbox 1870 4814 2088 4860; x_wconf 87' lang='lat' dir='ltr'><strong>verunt.</strong></span> <span class='ocrx_word' id='word_1_339' title='bbox 2125 4806 2507 4877; x_wconf 90' lang='lat' dir='ltr'><strong>Principaliter</strong></span> <span class='ocrx_word' id='word_1_340' title='bbox 2534 4808 2757 4877; x_wconf 88' lang='lat' dir='ltr'><strong>quidem</strong></span> <span class='ocrx_word' id='word_1_341' title='bbox 2787 4807 2905 4881; x_wconf 89' lang='lat' dir='ltr'><strong>ipse</strong></span> <span class='ocrx_word' id='word_1_342' title='bbox 2925 4804 3458 4866; x_wconf 81' lang='lat' dir='ltr'><strong>excommunicatus,</strong></span> 
     </span>
    </p>
   </div>
   <div class='ocr_carea' id='block_1_38' title="bbox 188 4891 3464 4975">
    <p class='ocr_par' dir='ltr' id='par_1_38' title="bbox 188 4891 3464 4975">
     <span class='ocr_line' id='line_1_38' title="bbox 188 4891 3464 4975; baseline 0 -29"><span class='ocrx_word' id='word_1_343' title='bbox 188 4907 295 4946; x_wconf 91' lang='lat' dir='ltr'><strong>non</strong></span> <span class='ocrx_word' id='word_1_344' title='bbox 342 4891 521 4963; x_wconf 77' lang='lat' dir='ltr'><strong>piguit</strong></span> <span class='ocrx_word' id='word_1_345' title='bbox 568 4906 695 4961; x_wconf 70' lang='lat' dir='ltr'><strong>qua:</strong></span> <span class='ocrx_word' id='word_1_346' title='bbox 735 4906 846 4946; x_wconf 91' lang='lat' dir='ltr'><strong>non</strong></span> <span class='ocrx_word' id='word_1_347' title='bbox 878 4892 1059 4949; x_wconf 90' lang='lat' dir='ltr'><strong>minus</strong></span> <span class='ocrx_word' id='word_1_348' title='bbox 1109 4892 1264 4948; x_wconf 89' lang='lat' dir='ltr'><strong>vobis</strong></span> <span class='ocrx_word' id='word_1_349' title='bbox 1299 4892 1568 4963; x_wconf 85' lang='lat' dir='ltr'><strong>placitura</strong></span> <span class='ocrx_word' id='word_1_350' title='bbox 1613 4898 1771 4960; x_wconf 62' lang='lat' dir='ltr'><strong>pulav</strong></span> <span class='ocrx_word' id='word_1_351' title='bbox 1873 4899 1972 4970; x_wconf 91' lang='lat' dir='ltr'><strong>qui</strong></span> <span class='ocrx_word' id='word_1_352' title='bbox 2019 4901 2327 4971; x_wconf 87' lang='lat' dir='ltr'><strong>specialiter</strong></span> <span class='ocrx_word' id='word_1_353' title='bbox 2366 4901 2438 4955; x_wconf 90' lang='lat' dir='ltr'><strong>ab</strong></span> <span class='ocrx_word' id='word_1_354' title='bbox 2484 4900 2859 4957; x_wconf 87' lang='lat' dir='ltr'><strong>ecclesiastica</strong></span> <span class='ocrx_word' id='word_1_355' title='bbox 2891 4897 3280 4957; x_wconf 87' lang='lat' dir='ltr'><strong>communione</strong></span> <span class='ocrx_word' id='word_1_356' title='bbox 3321 4892 3464 4975; x_wconf 85' lang='lat' dir='ltr'><strong>judi-</strong></span> 
     </span>
    </p>
   </div>
   <div class='ocr_carea' id='block_1_39' title="bbox 186 4981 3463 5063">
    <p class='ocr_par' dir='ltr' id='par_1_39' title="bbox 186 4981 3463 5063">
     <span class='ocr_line' id='line_1_39' title="bbox 186 4981 3463 5063; baseline 0.002 -28"><span class='ocrx_word' id='word_1_357' title='bbox 186 4981 395 5050; x_wconf 85' lang='lat' dir='ltr'><strong>vimus,</strong></span> <span class='ocrx_word' id='word_1_358' title='bbox 437 4982 692 5039; x_wconf 88' lang='lat' dir='ltr'><strong>videlicet</strong></span> <span class='ocrx_word' id='word_1_359' title='bbox 745 4982 879 5053; x_wconf 88' lang='lat' dir='ltr'><strong>quid</strong></span> <span class='ocrx_word' id='word_1_360' title='bbox 927 4985 998 5039; x_wconf 88' lang='lat' dir='ltr'><strong>sit</strong></span> <span class='ocrx_word' id='word_1_361' title='bbox 1026 4984 1436 5056; x_wconf 75' lang='lat' dir='ltr'><strong>intelligendum</strong></span> <span class='ocrx_word' id='word_1_362' title='bbox 1484 4984 1551 5039; x_wconf 92' lang='lat' dir='ltr'><strong>de</strong></span> <span class='ocrx_word' id='word_1_363' title='bbox 1590 4984 1770 5054; x_wconf 78' lang='lat' dir='ltr'><strong>rigore</strong></span> <span class='ocrx_word' id='word_1_364' title='bbox 1872 4998 2025 5050; x_wconf 73' lang='lat' dir='ltr'><strong>carlo</strong></span> <span class='ocrx_word' id='word_1_365' title='bbox 2046 4995 2238 5051; x_wconf 74' lang='lat' dir='ltr'><strong>ordine</strong></span> <span class='ocrx_word' id='word_1_366' title='bbox 2264 5002 2548 5063; x_wconf 87' lang='lat' dir='ltr'><strong>separatus</strong></span> <span class='ocrx_word' id='word_1_367' title='bbox 2592 5004 2698 5052; x_wconf 87' lang='lat' dir='ltr'><strong>est.</strong></span> <span class='ocrx_word' id='word_1_368' title='bbox 2735 4993 2940 5049; x_wconf 90' lang='lat' dir='ltr'><strong>Deinde</strong></span> <span class='ocrx_word' id='word_1_369' title='bbox 2976 4990 3157 5047; x_wconf 87' lang='lat' dir='ltr'><strong>fautor</strong></span> <span class='ocrx_word' id='word_1_370' title='bbox 3193 4991 3338 5059; x_wconf 85' lang='lat' dir='ltr'><strong>ejus,</strong></span> <span class='ocrx_word' id='word_1_371' title='bbox 3366 4983 3463 5054; x_wconf 82' lang='lat' dir='ltr'><strong>qui</strong></span> 
     </span>
    </p>
   </div>
   <div class='ocr_carea' id='block_1_40' title="bbox 189 5075 1763 5104">
    <p class='ocr_par' dir='ltr' id='par_1_40' title="bbox 189 5075 1732 5104">
     <span class='ocr_line' id='line_1_40' title="bbox 189 5075 1732 5104; baseline 0 0"><span class='ocrx_word' id='word_1_372' title='bbox 189 5088 459 5104; x_wconf 53' lang='lat' dir='ltr'><strong>“anAn-nm</strong></span> <span class='ocrx_word' id='word_1_373' title='bbox 499 5089 666 5104; x_wconf 58' lang='grc' dir='ltr'><strong>ειη-ιιι-</strong></span> <span class='ocrx_word' id='word_1_374' title='bbox 694 5075 1040 5104; x_wconf 58' lang='grc' dir='ltr'><strong>λιικιιησιοξιι..-</strong></span> <span class='ocrx_word' id='word_1_375' title='bbox 1073 5079 1185 5104; x_wconf 63' lang='grc' dir='ltr'><strong>-3..Α</strong></span> <span class='ocrx_word' id='word_1_376' title='bbox 1224 5078 1559 5104; x_wconf 59' lang='grc' dir='ltr'><strong>ᾸΑ-ΑαεοεΛ-ιιι</strong></span> <span class='ocrx_word' id='word_1_377' title='bbox 1581 5080 1732 5104; x_wconf 62' lang='grc' dir='ltr'><strong>1-..-ιι</strong></span> 
     </span>
    </p>
   </div>
   <div class='ocr_carea' id='block_1_41' title="bbox 1671 5075 3245 5104">
    <p class='ocr_par' dir='ltr' id='par_1_41' title="bbox 1675 5083 3245 5104">
     <span class='ocr_line' id='line_1_41' title="bbox 1675 5083 3245 5104; baseline 0 0"><span class='ocrx_word' id='word_1_378' title='bbox 1675 5094 1732 5104; x_wconf 67' lang='grc' dir='ltr'><strong>ι-ιι</strong></span> <span class='ocrx_word' id='word_1_379' title='bbox 1881 5085 1918 5104; x_wconf 67' lang='lat'><strong>-5</strong></span> <span class='ocrx_word' id='word_1_380' title='bbox 1971 5085 1983 5103; x_wconf 74' lang='grc'><strong>9</strong></span> <span class='ocrx_word' id='word_1_381' title='bbox 2032 5095 2046 5104; x_wconf 67' lang='grc' dir='ltr'><strong><em>ι</em></strong></span> <span class='ocrx_word' id='word_1_382' title='bbox 2190 5093 2229 5104; x_wconf 63' lang='grc' dir='ltr'><strong>,ι</strong></span> <span class='ocrx_word' id='word_1_383' title='bbox 2290 5083 2523 5104; x_wconf 57' lang='grc' dir='ltr'><strong>---ι-ηΣ---</strong></span> <span class='ocrx_word' id='word_1_384' title='bbox 2580 5099 2693 5104; x_wconf 35' lang='grc' dir='ltr'><em>,κνγ</em></span> <span class='ocrx_word' id='word_1_385' title='bbox 2726 5083 2921 5104; x_wconf 43' lang='grc' dir='ltr'><strong>νι2--]-</strong></span> <span class='ocrx_word' id='word_1_386' title='bbox 2997 5089 3045 5104; x_wconf 63' lang='grc' dir='ltr'><strong>,ι</strong></span> <span class='ocrx_word' id='word_1_387' title='bbox 3115 5096 3245 5104; x_wconf 50' lang='lat' dir='ltr'><strong>AA...—</strong></span> 
     </span>
    </p>
   </div>
   <div class='ocr_carea' id='block_1_42' title="bbox 3287 5073 3461 5104">
    <p class='ocr_par' dir='ltr' id='par_1_42' title="bbox 3287 5073 3461 5104">
     <span class='ocr_line' id='line_1_42' title="bbox 3287 5073 3461 5104; baseline 0 0"><span class='ocrx_word' id='word_1_388' title='bbox 3287 5073 3461 5104; x_wconf 56' lang='lat' dir='ltr'><strong>nnnl!n</strong></span> 
     </span>
    </p>
   </div>
  </div>
