3986 5312
548 357 684 413 118⁸5

1523 353 1608 409 AD
1639 351 1867 411 OPERA
1907 352 1963 409 S.
2004 348 2330 412 GREGORH
2364 353 2807 412 APPENDICES.

3653 349 3774 407 ιίει

552 486 582 516 .‹
630 465 894 534 Aeacius,
947 465 1153 536 inquit,
1209 465 1303 536 qui
1356 465 1516 520 Petro
1565 465 2014 532 communicavit,
2067 475 2126 522 ut
2151 469 2198 528 Δ
2223 468 2431 523 unitate
2463 478 2613 535 sunt,
2640 469 2835 534 bonos,
2865 465 2970 522 nisi
3001 471 3368 531 consentiant,
3393 480 3498 522 sua
3537 477 3776 521 commu-

553 555 800 611 criminis
829 557 1120 626 particeps,
1168 556 1240 610 ita
1287 556 1463 610 factus
1509 564 1596 612 est
1639 572 1832 626 preme.
1881 575 1900 609 ι
1952 555 2112 622 Item,

547 647 802 702 omnibus
854 646 1122 716 episcoyis
1177 645 1508 701 Dardaniae:
1563 666 1584 695 ί
1627 645 1850 712 Patres,
1898 646 2114 714 inquit,

547 735 743 801 nostri,
767 743 985 789 auctore
1012 734 1300 803 cujuslibet
1325 735 1570 800 insaniae,
1595 749 1660 789 ac
1688 735 1890 803 pariter
1930 748 2118 788 errore

545 825 830 892 damnato,
869 825 1114 880 sufﬁcere
1154 823 1556 895 judicaverunt,
1589 831 1649 878 ut
1689 823 1938 894 quisquis
1961 821 2112 896 [edit.

545 913 740 982 Rom.,
782 913 1048 971 Decretal.
1099 909 1340 987 quisque]
1379 915 1672 986 aliquando
1718 915 1882 986 hujus
1914 915 2116 982 erroris

543 1007 982 1062 communicator
1029 1007 1316 1073 existeret,
1358 1007 1642 1077 principali
1685 1008 1804 1078 ejus
1849 1007 2114 1062 sententia

543 1093 834 1150 damnatus
859 1103 1002 1150 esset
1029 1094 1180 1166 |edit.
1199 1093 1354 1148 Rom.
1377 1093 1662 1164 principali
1687 1095 1946 1147 sententia
1963 1093 2115 1146 dam-

545 1186 778 1238 nationis
806 1186 920 1255 ejus
963 1195 1095 1239 esset
1145 1183 1479 1258 obstrictus];
1527 1186 1785 1256 quoniam
1829 1183 2116 1240 manifeste

545 1276 771 1346 quilibet
797 1278 881 1332 vel
905 1278 1252 1346 possessione
1291 1293 1410 1344 sua,
1437 1278 1518 1330 vel
1540 1277 1922 1331 communione
1942 1262 2116 1346 possit

549 1371 792 1439 agnosci.
833 1390 852 1422 ›
893 1369 958 1426 Et
985 1379 1110 1440 post
1150 1386 1365 1440 pauca:
1413 1389 1431 1421 ‹
1478 1369 1674 1422 Forma
1704 1369 1827 1422 lidei
1867 1383 2114 1424 commu-

543 1461 834 1531 nionisque
863 1462 1162 1526 catholicm,
1188 1460 1408 1516 Nicaano
1443 1460 1654 1531 prolato
1681 1458 1932 1525 concilio,
1955 1458 2114 1512 Aria-

543 1567 644 1606 nos
690 1567 918 1618 omnes,
972 1551 1057 1606 vel
1115 1553 1367 1620 quisquis
1427 1551 1480 1605 in
1541 1552 1684 1605 hanc
1737 1558 1940 1620 pestem
2000 1551 2114 1605 sive

543 1657 846 1708 consensu,
901 1643 1012 1698 sive
1069 1642 1458 1696 communione
1512 1641 1797 1706 deciderit,
1847 1641 1965 1696 sine
2024 1656 2111 1695 re-

543 1733 864 1812 tractatione
883 1733 1120 1789 excludit
1143 1731 1292 1805 [edit.
1312 1731 1468 1787 Rom.
1503 1731 1802 1803 conclusit].
1837 1752 1855 1784 ι
1889 1731 2029 1812 Idem
2057 1732 2112 1786 in

2217 559 2382 612 nione
2416 573 2525 612 non
2560 557 2860 624 maculant,
2907 557 3049 612 sicut
3091 555 3151 610 Β.
3203 557 3340 627 Aug.
3371 563 3572 611 contra
3605 553 3777 610 Bona-

2219 647 2373 702 tistas
2434 647 2876 724 frequentissime
2943 654 2998 702 et
3067 645 3512 717 iriefragabiliter
3573 647 3776 716 probat.

2215 732 2514 806 Postquam
2555 751 2684 792 vero
2725 737 2795 792 ab
2839 735 3082 794 Ecclesia
3119 745 3475 805 separantur,
3525 751 3640 790 non
3675 736 3780 806 jam

2217 833 2331 888 sola
2387 832 2744 888 consensione
2765 875 2780 901 ,
2845 833 2941 888 sed
2993 833 3155 886 etiam
3213 829 3474 886 exteriori
3537 845 3781 884 commu-

2215 921 2381 988 nione
2427 923 2920 979 communicatores
2973 937 3102 979 suos
3147 921 3422 981 maculare
3478 935 3596 976 non
3635 921 3784 988 dubi-

2217 1019 2419 1066 tantur.
2653 1055 2661 1062 .
2757 1007 2760 1012 ’

2288 1102 2440 1159 Unde
2475 1105 2615 1160 idem
2644 1103 2704 1159 Β.
2742 1105 2879 1176 Aug.
2912 1105 2966 1159 in
3008 1119 3062 1159 tv
3086 1101 3508 1173 Carthaginensi
3552 1099 3785 1156 concilio

2215 1210 2246 1249 a
2279 1209 2456 1250 ccxvtt
2488 1195 2758 1265 episcopis
2799 1195 3362 1264 habito,sententiam
3404 1193 3785 1248 excommuni-

2213 1286 2446 1340 cationis
2479 1273 2578 1340 sua
2635 1287 3032 1356 subscriptione
3053 1285 3391 1340 conlirmavit
3431 1299 3608 1354 super
3640 1299 3782 1349 eum,

2214 1373 2526 1445 quicunque
2561 1375 2816 1445 deinceps
2834 1364 3304 1431 excommunicato
3327 1375 3412 1429 vel
3439 1374 3498 1428 in
3539 1373 3785 1428 oratione

2215 1463 2715 1520 communicaverit.
2750 1463 2867 1530 Qua
2893 1465 3158 1520 sententia
3189 1472 3243 1518 et
3275 1464 3379 1533 ipsi
3419 1462 3655 1532 apostoli
3687 1463 3785 1515 hu-

2208 1551 2449 1622 jusmodi
2476 1547 2992 1608 communicatorem
3013 1553 3359 1618 damnavere,
3371 1551 3532 1622 juxta
3560 1557 3786 1604 intesta-

2214 1641 2415 1696 tionem
2441 1639 2648 1698 Callisti
2681 1658 2850 1713 papae.

2286 1732 2582 1814 llucusque
2641 1735 2706 1790 de
2764 1735 2879 1805 lege
2939 1733 3523 1790 excommunicationis
3597 1740 3788 1786 vestra:

541 1809 933 1893 sequentibus:
975 1843 993 1876 ι
1037 1824 1181 1878 Idem
1210 1823 1326 1892 ipse
1349 1839 1523 1889 ezror,
1551 1825 1644 1894 qui
1676 1825 1840 1878 semel
1882 1835 1963 1879 est
1986 1806 2111 1882 cum
2144 1805 2187 1861 Β
2214 1806 2458 1895 petitioni
2503 1834 2780 1896 utcunque
2819 1824 3200 1881 satisfecimus.
3236 1823 3341 1880 Sed
3371 1825 3502 1894 quia
3529 1838 3643 1878 non
3672 1824 3788 1876 sine

541 1930 642 1969 suo
677 1924 899 1971 auctore
933 1917 1241 1980 damnatas,
1276 1915 1330 1968 in
1361 1915 1622 1986 participe
1663 1916 1901 1986 quolibet
1934 1933 2112 1986 prava:

539 2007 938 2062 communionis
986 2007 1196 2072 clieeto,
1233 2015 1287 2061 et
1336 2007 1762 2062 exsecrationem
1823 2017 1996 2080 gestat
2059 2016 2114 2063 et

538 2111 775 2167 poenam.
824 2118 844 2150 ι
1587 2156 1601 2168 ,

609 2186 854 2255 Qualiter
873 2197 1054 2244 autem
1076 2191 1578 2245 excommunicatos
1602 2189 1773 2244 vitare
1795 2189 2111 2257 debeamus,

540 2279 884 2348 apertissime
913 2281 1072 2336 nobis
1113 2282 1489 2352 przescriptum
1515 2290 1600 2336 est
1627 2297 1657 2335 a
1697 2279 1796 2335 SS.
1837 2281 2110 2348 Patribus,

537 2370 680 2424 inter
706 2388 845 2442 quos
864 2371 1122 2428 Callistus
1143 2372 1161 2425 Ι
1185 2373 1390 2442 (1054),
1414 2388 1550 2442 papa
1575 2381 1628 2426 et
1651 2381 1854 2444 martyr
1879 2383 2114 2442 quatuor

536 2448 625 2515 res
663 2471 974 2528 enumerat,
1014 2463 1065 2515 in
1119 2463 1320 2532 quibus
1360 2463 1890 2516 excommunicatum
1941 2463 2113 2518 vitare

539 2549 866 2618 debeamus,
895 2549 1145 2605 videlicet
1193 2551 1247 2604 in
1292 2551 1636 2616 salutatione,
1688 2551 1743 2604 in
1791 2553 2010 2618 osculo,
2057 2552 2109 2604 in

539 2641 808 2709 oratione,
851 2641 906 2695 in
957 2658 1162 2698 mensa.
1211 2661 1228 2692 ι
1272 2639 1406 2696 Nam
1452 2643 1783 2712 quicunque,
1826 2643 2018 2711 inquit,
2057 2641 2112 2695 in

539 2727 628 2784 bis
664 2731 748 2784 vel
795 2731 849 2784 in
880 2731 1000 2786 aliis
1026 2731 1312 2801 prohibitis
1361 2731 1596 2786 scienter
1625 2729 2112 2787 cxcommunicatis

540 2821 1043 2888 communicaverit,
1073 2822 1228 2892 juxta
1276 2823 1649 2894 apostolorum
1693 2823 2109 2893 institutionem,

540 2922 594 2967 et
633 2913 748 2982 ipse
779 2913 946 2969 simili
976 2915 1530 2970 excommunicationi
1552 2915 1847 2984 subjaccat.
1891 2934 1910 2967 ι

605 3001 869 3060 Fautores
891 3021 1108 3076 quoque
1141 3023 1332 3060 eorum
1367 3013 1422 3061 et
1451 3008 1948 3064 communicatores
1971 3007 2114 3064 nihi-

532 3095 772 3152 lominus
803 3097 973 3152 vitare
1014 3099 1274 3154 debemus
1299 3099 1454 3168 juxta
1479 3100 1883 3154 attestationem
1914 3099 1974 3153 Β.
2003 3099 2109 3154 Ge-

533 3182 656 3242 lasii
699 3203 878 3258 papae,
917 3190 1010 3260 qui
1054 3187 1420 3245 Orientalibus
1476 3190 1746 3260 episcopis
1789 3191 1856 3245 de
1908 3189 2108 3246 Acacio

533 3280 994 3336 'communicatore
1065 3281 1661 3336 excommunicatorum
1727 3283 1993 3351 scribens,
2035 3285 2108 3340 ita

534 3379 808 3428 testatur:
851 3392 874 3424 ε
917 3371 1059 3426 Nihil
1100 3373 1258 3428 nobis
1292 3387 1583 3428 commune
1625 3388 1750 3428 cum
1797 3374 2110 3432 hominibus

535 3463 938 3518 communionis
986 3472 1247 3521 extorum.
1305 3481 1324 3514 ›
1387 3461 1533 3517 ldem
1598 3463 1652 3516 in
1711 3465 2106 3535 sequentibus:

484 3623 495 3632 ⁹
542 3571 560 3601 ι
608 3551 748 3618 Quid
771 3553 946 3622 juvat,
971 3554 1015 3607 si
1041 3555 1161 3622 quis
1186 3555 1348 3608 alicui
1371 3555 1690 3609 evidentiori
1717 3551 1970 3612 baeretico
1999 3574 2109 3614 non

535 3643 918 3710 communicet,
953 3652 1006 3698 et
1057 3645 1143 3697 his
1197 3653 1377 3698 tamen
1425 3646 1810 3700 communione
1849 3649 2110 3720 jungatur

527 3732 630 3808 qui
651 3733 722 3788 ab
755 3734 899 3790 illius
926 3737 1313 3790 communione
1350 3751 1459 3790 non
1499 3745 1627 3792 sunt
1659 3737 1864 3793 divisi?
1903 3759 1920 3790 ι
1955 3739 2109 3797 Unde

527 3821 590 3878 'et
635 3824 793 3880 multi
831 3825 1068 3897 religiosi
1117 3827 1183 3881 ex
1222 3827 1485 3884 Romanis
1529 3843 1588 3884 se
1638 3845 1666 3883 a
1725 3832 2108 3888 communione

533 3915 809 3976 Anastasii
839 3934 992 3990 papa:
1013 3918 1420 3988 subtraxerunt,
1448 3935 1514 3976 eo
1548 3922 1694 3992 quod
1735 3923 1850 3992 ipse
1891 3924 2107 3982 cuidam

533 4008 764 4065 diacono
814 4009 1288 4068 Thessalunicensi
1329 4014 1816 4070 communicaverit
1854 4017 1949 4086 qui
1991 4016 2106 4086 jam

532 4097 732 4153 Acacio
778 4101 1218 4156 communicavit.
1269 4100 1358 4157 Sic
1404 4103 1550 4157 enim
1585 4102 1868 4159 Romanus
1916 4105 2105 4160 Ponti-

531 4189 704 4248 ﬁcalis
729 4200 958 4249 testatur
981 4193 1186 4264 (1055).
1213 4191 1216 4196 ’

516 4349 524 4358 Π
600 4281 725 4338 Ideo
764 4294 943 4339 autem
975 4281 1073 4339 SS.
1112 4285 1302 4340 Patres
1344 4287 1840 4344 communicatores
1883 4304 2104 4345 excom-

529 4372 932 4429 municatorum
973 4391 1126 4444 mque
1170 4385 1231 4430 ut
1267 4359 1771 4432 excommubicatos
1805 4379 1964 4434 vitari
2000 4396 2101 4435 vo-

529 4466 768 4531 luerunt,
794 4467 922 4536 quia
950 4467 1196 4533 eosdem,
1225 4467 1383 4536 quasi
1415 4458 1510 4537 qui
1544 4483 1604 4522 se
1631 4468 1780 4539 ipsos
1809 4470 2102 4527 damnave-

527 4559 658 4625 rint,
684 4558 1010 4615 habuerunt.
1041 4554 1178 4613 Hinc
1198 4556 1258 4612 B.
1284 4557 1535 4614 Gelasius
1559 4559 1698 4630 papa
1721 4562 1788 4616 ad
1817 4563 2104 4631 praedictos

530 4649 778 4705 scribens
821 4651 889 4706 de
938 4651 1126 4706 eodem
1172 4650 1417 4704 Acacio:
1465 4671 1484 4703 σ
1525 4650 1686 4720 Quid,
1733 4652 1937 4723 inquit,
1969 4671 2105 4724 que-

513 4739 726 4799 runtur
769 4739 1030 4796 Acacium
1079 4756 1110 4795 a
1168 4739 1329 4796 nobis
1370 4740 1541 4796 fuisse
1583 4742 1928 4812 damnatum,
1973 4759 2100 4799 cum

517 4842 744 4903 recepta
789 4833 1176 4889 communione
1213 4830 1358 4888 Petri
1405 4849 1466 4888 se
1501 4833 1762 4890 doceatur
1787 4836 1905 4905 ipse
1947 4837 2101 4892 dam;

528 4926 724 4988 nasse?
764 4917 986 4993 i'Nam,
1025 4940 1148 4980 cum
1198 4925 1378 4980 omnis
1406 4929 1910 4984 excommunicatus
1947 4939 2098 4985 extra

528 5016 830 5074 Ecclesium
865 5019 953 5084 sit,
988 5019 1282 5089 nullusque
1313 5019 1477 5074 simul
1525 5020 1666 5077 intra
1701 5033 1754 5078 et
1801 5033 1954 5080 extra
1979 5039 2100 5082 esse

526 5111 722 5179 possit,
748 5110 839 5163 ille
862 5110 1232 5164 indubitanter
1253 5128 1285 5165 a
1313 5111 1578 5166 catholica
1597 5113 1804 5169 unitate
1841 5131 1900 5170 se
1942 5131 2098 5182 sepa-

2137 3155 2184 3214 Ο

2215 1915 2422 1972 fmnore
2471 1925 2580 1972 tam
2636 1916 2959 1972 charissimo
2989 1915 3142 1969 fratri
3190 1924 3244 1970 et
3283 1915 3510 1970 domino
3545 1915 3786 1968 debitum

2213 2005 2521 2074 persolvere
2573 2005 2865 2071 debemus,
2900 2005 2956 2060 et
2994 2003 3100 2058 alia
3141 2020 3252 2058 non
3283 2004 3468 2058 minus
3519 2003 3786 2072 placitura

2212 2096 2367 2174 vobis
2404 2111 2792 2166 supererogare
2835 2097 3108 2161 volumus,
3148 2095 3400 2150 videlicet
3425 2095 3562 2166 quid
3601 2096 3676 2150 sit
3704 2096 3787 2149 in-

2214 2187 2562 2258 telligendum
2591 2188 2658 2242 de
2690 2189 2870 2258 rigore
2894 2203 3168 2242 canonum
3219 2202 3386 2256 super
3411 2187 3785 2251 damnatione,

2213 2280 2296 2333 vel
2329 2271 2664 2348 depositione
2685 2280 2982 2348 lapsorum,
3006 2293 3106 2333 nec
3125 2293 3238 2332 non
3262 2287 3316 2332 et
3339 2278 3788 2332 reconciliatione

2212 2389 2422 2427 eorum.
2450 2371 2583 2426 Nam
2614 2373 2668 2426 in
2695 2371 3004 2441 hujusmodi
3023 2371 3206 2425 causis
3228 2385 3428 2440 magna
3456 2370 3788 2424 discretione

2213 2463 2538 2533 indigemus,
2567 2479 2634 2518 ne
2682 2461 2767 2516 vel
2814 2462 3046 2516 nimium
3096 2460 3253 2530 rigidi
3301 2476 3430 2514 cum
3469 2459 3786 2514 Novatiauis

2211 2553 2500 2624 desperare
2521 2553 2800 2608 videamur
2825 2554 2891 2608 de
2913 2553 3087 2607 salute
3113 2552 3414 2621 lapsorum,
3451 2551 3536 2605 vel
3559 2551 3783 2604 nimiu

2211 2643 2446 2710 remissi,
2461 2635 2634 2698 zelum
2653 2643 2748 2698 Dei
2771 2659 2879 2698 non
2897 2643 3097 2698 habere
3111 2643 3442 2713 judicemur.
3458 2640 3530 2697 Et
3550 2642 3785 2713 primum

2211 2735 2428 2805 quidem
2449 2735 2516 2790 de
2542 2735 2723 2806 rigore
2756 2749 3054 2789 canonum.

2282 2825 2461 2880 Locus
2481 2825 2812 2896 paenitentia:
2835 2826 3001 2881 semel
3022 2832 3232 2879 tantum
3263 2823 3572 2894 antiquitus
3595 2825 3651 2878 in
3681 2823 3780 2879 Ec-

2211 2915 2374 2970 clesia
2421 2913 2618 2984 legitur
2643 2929 2959 2980 concessus,
3013 2928 3114 2969 nec
3163 2911 3326 2968 alicui
3363 2921 3493 2982 post
3518 2912 3785 2981 peniten-

2213 3006 2343 3060 tiam
2393 3007 2589 3060 iterum
2633 3005 2786 3076 lapso
2815 3005 3210 3060 concedendus.
3270 3003 3362 3059 Sic
3411 3005 3564 3059 enim
3597 3005 3782 3059 beatus

2215 3094 2444 3150 Siricius
2466 3111 2606 3166 papa
2637 3096 2694 3150 in
2723 3095 2956 3150 decretis
3001 3095 3115 3150 suis
3151 3095 3218 3149 de
3252 3095 3576 3164 hujusmodi
3621 3095 3783 3164 lapsis

2211 3184 2470 3243 aiilrtnat:
2493 3188 2620 3258 quia
2639 3188 2752 3258 jam
2767 3185 3366 3256 ptrnitendisuﬁ‘ugium
3392 3199 3506 3240 non
3517 3184 3780 3251 habeant;

2211 3281 2305 3336 sed
2325 3296 2434 3335 non
2457 3281 2530 3335 ita
2553 3280 2850 3351 intelligere
2859 3279 3121 3334 debemus
3141 3277 3297 3348 quasi
3315 3278 3495 3332 sancti
3509 3277 3704 3333 Patres
3721 3279 3785 3332 de

2207 3371 2518 3442 hujusmodi
2541 3372 2822 3442 lapsorum.
2835 3371 3008 3426 salute
3022 3369 3389 3439 desperarent,
3411 3369 3518 3424 etsi
3531 3363 3632 3424 eos
3653 3369 3785 3423 inter

2207 3465 2532 3534 pte-nitentes
2559 3463 2900 3534 recipiendos
2937 3463 3287 3532 denegarem.
3325 3458 3448 3515 Non
3479 3462 3630 3516 enim
3673 3461 3783 3516 haec

2207 3555 2328 3610 ideo
2357 3555 2656 3610 instituisse
2705 3553 2957 3610 credendi
2989 3561 3116 3608 sunt
3155 3561 3216 3606 ut
3259 3552 3516 3607 homines
3539 3569 3575 3607 a
3609 3551 3780 3622 paeni-

2207 3647 2374 3702 tentia
2394 3688 2409 3713 ,
2437 3647 2532 3702 sed
2560 3662 2591 3701 a
2617 3655 2842 3717 peccato
2874 3645 3243 3712 deterrerent;
3284 3659 3417 3710 nec,
3463 3651 3528 3699 ut
3569 3644 3778 3708 minus,

2208 3735 2300 3792 sed
2329 3737 2590 3792 humilius
2619 3744 2742 3806 post
2770 3736 2980 3806 lapsum
3011 3733 3354 3806 pmniterent,
3387 3733 3484 3804 qui
3527 3748 3589 3788 se
3608 3742 3665 3789 et
3702 3735 3780 3804 ip-

2207 3829 2284 3884 sis
2342 3828 2730 3900 poenitentibus
2781 3825 3066 3882 inferiores
3103 3827 3340 3896 reputari
3370 3827 3644 3881 viderent.
3686 3823 3779 3893 Et,

2207 3919 2313 3974 hoc
2345 3919 2402 3974 in
2435 3919 2556 3975 aliis
2577 3918 2932 3975 criminaliter
2948 3918 3116 3988 lapsis
3134 3916 3291 3989 quasi
3321 3932 3422 3986 pro
3443 3916 3568 3988 lege
3594 3916 3780 3972 obser-

2207 4016 2367 4063 vatur
2418 4015 2478 4063 ut
2519 4009 2590 4064 ab
2639 4007 2830 4062 ordine
2857 4007 3180 4076 dejiciantur
3211 4020 3371 4076 quem
3399 4015 3532 4061 ante
3570 4007 3778 4076 lapsum

2208 4101 2465 4156 habuisse
2488 4107 2543 4155 et
2602 4099 2656 4154 in
2681 4114 2791 4169 quo
2819 4113 3074 4169 peccasse
3101 4097 3445 4168 detegantur.
3472 4095 3569 4150 Sic
3619 4096 3778 4150 nimi-

2206 4209 2328 4247 rum
2358 4201 2412 4246 et
2441 4177 2496 4246 in
2537 4191 2726 4246 ordine
2754 4189 3130 4260 ptenitentium
3160 4187 3444 4242 constituti
3470 4227 3486 4253 ,
3517 4187 3568 4241 si
3603 4186 3782 4241 denuo

2205 4285 2480 4350 labuntur,
2512 4281 2742 4353 pristino
2781 4280 2956 4337 ordini
3001 4295 3110 4335 non
3158 4277 3434 4335 immerito
3462 4276 3778 4348 judicantur

2205 4374 2430 4447 indigni.

2275 4466 2393 4521 Non
2426 4475 2607 4521 tamen
2635 4465 2752 4520 haec
2781 4463 2956 4520 sancti
2975 4462 3164 4518 Patres
3191 4460 3580 4531 desperatione
3607 4457 3773 4514 venia

2206 4567 2316 4614 tam
2359 4557 2557 4613 acriter
2601 4555 2904 4610 decrevisse
2947 4553 3240 4609 creduntur
3263 4594 3278 4618 ,
3320 4552 3599 4623 praecipue
3653 4566 3772 4606 cum

2203 4649 2470 4704 Dominus
2498 4661 2690 4702 omnes
2728 4645 2980 4700 homines
3013 4645 3142 4700 velit
3188 4643 3410 4711 salvari,
3464 4643 3564 4713 qui
3611 4641 3767 4697 dicit:

2203 4726 2229 4793 ’σ
2271 4740 2406 4795 Nolo
2433 4747 2663 4796 mortem
2685 4739 2986 4808 peccatoris
3013 4735 3210 4808 [impii]
3233 4733 3451 4806 (Ezech.
3484 4734 3701 4805 xxxiii).
3743 4752 3763 4786 ι

2201 4831 2306 4888 Et:
2354 4852 2372 4885 ι
2417 4831 2475 4886 ln
2513 4845 2836 4902 quacunque
2875 4831 2962 4886 die
2983 4837 3233 4900 peccator
3277 4826 3626 4898 ingemuerit,
3659 4825 3766 4882 sal-

2199 4940 2302 4981 vus
2354 4925 2455 4979 erit
2492 4922 2680 4996 (1bid.)
2727 4942 2745 4974 ι
2787 4921 2926 4989 Non,
2970 4921 3211 4991 inquam,
3252 4917 3632 4987 desperatione
3681 4929 3766 4970 ve-

2200 5019 2324 5085 nite,
2363 5016 2457 5072 sed
2477 5023 2578 5085 pro
2608 5014 2818 5070 cautela
2843 5012 3142 5082 disciplinae
3175 5011 3290 5064 haec
3317 5008 3570 5062 instituta
3589 5004 3760 5062 credi<

2199 5125 2360 5176 mus;
2397 5106 2544 5177 quod
2569 5107 2734 5160 etiam
2761 5119 2829 5158 ex
2864 5103 3048 5158 verbis
3081 5100 3142 5155 Β.
3173 5097 3468 5171 Augustini
3496 5098 3566 5152 ad
3590 5095 3761 5150 Mace-
