3986 5312
2660 269 2741 283 ην.

135 302 279 359 “85
1010 286 1297 347 APPEND.
1337 288 1423 346 III.
1465 318 1533 333 -—-
1568 289 2002 345 MONUMENTA
2039 287 2498 348 CREGORIANA.
3249 288 3385 347 H86

135 422 307 470 etiam
358 427 523 482 super
569 409 701 464 tales
753 408 882 462 oriri
917 407 1085 462 solem
1138 422 1317 471 suum,
1373 420 1473 460 nec
1524 406 1708 459 minus
1738 407 1783 464 Α
1879 402 2224 459 Nulhtamen
2266 420 2457 459 eorum
2500 403 2590 459 ille
2620 416 2882 458 numerus
2929 414 3197 457 annorum
3255 419 3393 473 pra:—

137 504 335 559 tribuit
382 517 543 572 quam
582 507 740 554 antea
794 496 1065 551 tribuebat
1132 488 1437 566 largissima
1486 511 1715 549 munera

136 594 266 647 vitae
312 601 367 646 et
420 589 629 647 salutis.
679 584 746 642 Et
774 589 1025 658 quamvis
1076 585 1157 640 eis
1194 586 1250 639 in
1274 584 1515 640 Ecclesia
1560 585 1715 640 locus

137 680 228 737 ille
288 680 619 750 poenitentia:
669 693 778 732 non
822 677 1182 739 concedatur,
1237 676 1381 728 Deus
1405 684 1582 729 tamen
1621 690 1716 729 su-

136 789 235 842 per
271 772 397 825 illos
446 769 716 839 patientiae
765 783 878 823 sua:
901 782 1006 820 non
1054 766 1408 821 obliviscitur.
1450 782 1468 815 )
1500 765 1564 818 Et
1594 777 1717 834 post

137 876 346 932 pauca:
396 882 414 914 ‹
462 860 720 927 Quamvis
761 874 889 928 ergo
932 866 1089 912 caute
1145 857 1541 925 salubriterque
1587 869 1714 925 pro-

135 953 321 1008 visum
404 953 475 1008 sit
516 942 575 1006 ut
622 952 773 1005 locus
831 949 977 1003 illius
1028 947 1345 1001 humillimae
1384 946 1715 1015 prenitentim

138 1045 312 1099 semel
382 1044 729 1108 concedatur,
789 1056 857 1094 ne
901 1040 1168 1094 medicina
1210 1038 1331 1091 vilis
1357 1037 1539 1091 minus
1566 1036 1714 1089 utilis

138 1146 286 1191 esset
382 1135 596 1206 aegrotis
636 1176 651 1201 ,
722 1149 844 1204 qua:
898 1139 1049 1187 tanto
1098 1131 1273 1201 magis
1331 1129 1565 1184 salubris
1632 1136 1717 1183 cst

142 1237 357 1297 qitanto
400 1228 580 1281 minus
653 1221 1075 1294 contemptibilis
1128 1221 1309 1287 fuerit,
1352 1222 1477 1290 quis
1531 1231 1713 1275 tamen

142 1319 345 1372 audeat
404 1318 582 1373 dicere
620 1316 731 1371 Deo
760 1302 773 1370 ἐ
805 1315 982 1382 Quare
1030 1314 1155 1369 huic
1203 1313 1403 1367 homini
1449 1313 1541 1383 qui
1593 1321 1717 1383 post

141 1410 378 1478 primum
442 1407 810 1478 pcenitentiam
868 1422 1087 1461 rursum
1122 1420 1179 1462 se
1222 1405 1431 1474 laqueis
1459 1405 1717 1474 iniquita-

143 1498 212 1554 tis
234 1498 525 1570 obstringit
578 1498 753 1552 adhuc
806 1498 1001 1552 iterum
1046 1496 1261 1567 parcis?
1315 1497 1448 1562 Quis
1521 1498 1719 1551 audeat

141 1589 325 1644 dicere
405 1578 537 1660 erga
592 1589 731 1665 istos
760 1602 868 1643 non
910 1589 998 1659 agi
1077 1588 1221 1658 quod
1267 1587 1561 1657 Apostolus
1606 1588 1713 1655 ait;

141 1680 389 1750 Ignoras,
439 1680 862 1751 quia'patientia
905 1678 1258 1752 [benignitas]
1316 1678 1409 1733 Dei
1467 1680 1535 1734 ad
1600 1696 1717 1750 pm-

144 1773 431 1827 nitentiam
480 1781 530 1826 te
581 1772 829 1827 alducit?
860 1771 1033 1839 (Rom.
1062 1770 1149 1831 tt.)
1179 1770 1287 1824 Aut
1312 1770 1430 1825 istis
1452 1771 1711 1840 exceptis,

152 1878 278 1918 esse
310 1861 594 1917 dillinitum
629 1861 772 1931 quod
817 1860 1077 1930 scriptum
1114 1866 1198 1914 est
1228 1878 1241 1913 :
1277 1878 1295 1910 ι
1335 1858 1484 1913 Beati
1523 1874 1715 1915 omnes

144 1950 244 2018 Qui
311 1952 591 2006 confidunt
652 1951 704 2005 in
752 1967 874 2005 eum
921 1950 1094 2021 (Psal.
1124 1950 1217 2021 ιι),
1255 1969 1273 2001 ι
1305 1964 1368 2006 ac
1406 1950 1453 2005 si
1482 1950 1712 2006 diceret:

144 2038 278 2109 Quis
339 2043 422 2097 vel
470 2041 779 2111 hujusmodi
814 2041 979 2111 lapsis
1014 2041 1250 2095 divinam
1287 2041 1715 2096 misericordiam

143 2132 504 2188 intercludere
544 2133 743 2197 valeat,
779 2132 908 2203 quin
959 2141 1013 2187 et
1056 2132 1158 2203 ipsi
1201 2133 1311 2188 sint
1352 2132 1516 2200 beati,
1557 2134 1605 2189 si
1658 2133 1715 2187 in

142 2223 378 2278 Domino
409 2223 722 2278 confidant?
768 2242 786 2275 ι
916 2208 924 2217 ’

208 2314 369 2384 Apud
400 2315 690 2369 molernos
727 2324 905 2369 tamen
928 2315 1081 2369 locus
1115 2313 1446 2384 pmnitentiae
1469 2316 1575 2371 illis
1604 2330 1713 2370 non

142 2413 395 2477 negatur,
434 2406 561 2475 quia
589 2421 761 2475 usque
782 2406 917 2460 adeo
942 2406 1179 2461 humana
1204 2407 1443 2476 pravitas
1465 2407 1713 2474 invaluit,

140 2506 191 2549 et
207 2496 403 2568 jugnm
423 2497 660 2566 antiquae
680 2496 973 2566 disciplina:
1016 2497 1213 2566 abjecit
1238 2506 1296 2552 ut
1320 2508 1507 2552 sancta
1534 2497 1716 2553 Eccle-

142 2588 219 2641 sia
240 2586 358 2656 jam
408 2587 641 2641 multum
695 2588 969 2657 gauderet,
1023 2587 1070 2642 si
1099 2589 1181 2642 vel
1213 2588 1287 2643 ita
1324 2590 1486 2644 modo
1524 2590 1717 2659 resipi-

140 2694 293 2733 scere
320 2664 545 2733 vellent.
564 2677 723 2732 Novit
751 2679 893 2732 enim
942 2676 1037 2733 Dei
1069 2680 1498 2735 misericordiam
1532 2681 1601 2736 ad
1632 2683 1717 2734 in-

138 2769 471 2840 dulgendum
528 2769 1031 2840 promptissimam,
1081 2786 1182 2824 nec
1228 2771 1459 2824 multum
1511 2771 1716 2825 distare

140 2860 284 2929 apud
309 2858 478 2914 Deum
501 2901 517 2927 ,
554 2868 670 2930 'qua
698 2861 1004 2929 severitate,
1054 2862 1137 2915 vel
1180 2862 1401 2916 lenitate
1437 2863 1592 2930 juxta
1632 2862 1717 2916 di-

139 2948 453 3004 versitatem
475 2957 777 3019 temporum
805 2958 1025 3019 peccata
1050 2951 1362 3020 puniantur,
1409 2952 1454 3006 si
1502 2959 1714 3006 tantum

138 3048 391 3107 peccator
412 3055 479 3094 ex
501 3048 615 3094 toto
637 3041 796 3094 corde
823 3049 1188 3095 convertatur.

210 3143 319 3200 Sed
343 3153 399 3200 et
431 3146 537 3200 hoc
559 3147 848 3202 nonnullos
874 3157 1055 3202 movet
1089 3150 1232 3218 quod
1268 3148 1329 3203 Β.
1357 3148 1714 3206 Innocentius

137 3238 302 3303 papa,
367 3234 614 3290 scribens
666 3234 920 3291 Victi-icio
972 3236 1392 3309 Rothomagensi
1436 3241 1712 3310 episcopo,

137 3323 339 3376 asserit
362 3323 627 3392 virginem
654 3323 763 3379 Deo
799 3335 1071 3380 sacratam
1118 3326 1185 3381 ad
1237 3328 1500 3399 agendam
1533 3329 1716 3399 pinni-

139 3413 367 3466 tentiam
404 3430 513 3467 non
551 3429 674 3470 esse
716 3416 1124 3484 admittendam,
1175 3419 1221 3473 si
1254 3422 1517 3489 nupserit,
1548 3438 1612 3475 eo
1637 3424 1715 3476 vi-

136 3513 302 3556 vente
331 3504 423 3574 qui
446 3505 707 3575 corrupit.
747 3525 764 3557 ι
810 3506 887 3561 Ita
918 3509 1085 3575 enim,
1110 3509 1303 3579 inquit,
1345 3520 1398 3565 ct
1429 3513 1481 3565 in
1520 3514 1713 3582 conju-

138 3593 246 3662 giis
298 3595 640 3663 observatur,
669 3604 728 3650 ut
775 3596 976 3653 femina
1025 3601 1237 3656 vivente
1260 3602 1378 3656 viro
1405 3603 1496 3656 alii
1524 3614 1711 3674 nupta,

138 3686 207 3740 ad
252 3686 517 3756 agendam
562 3687 934 3757 paenitentiam
985 3705 1093 3745 non
1134 3693 1451 3747 admittatur
1478 3737 1493 3759 ,
1542 3711 1715 3764 quan-

138 3774 231 3827 diu
296 3775 511 3830 adulter
572 3776 785 3832 vixerit.
834 3798 851 3829 ι
898 3777 964 3832 Et
992 3780 1101 3835 hoc
1134 3781 1319 3850 utique
1339 3784 1515 3853 rigore
1536 3786 1716 3854 potius

137 3862 444 3932 disciplina:
464 3879 629 3933 quam
652 3865 1028 3935 desperatione
1061 3869 1232 3923 venia:
1269 3870 1576 3925 institutum
1620 3874 1716 3927 de-

138 3954 335 4008 bemus
379 3954 699 4025 intelligere,
757 3956 1004 4011 videlicet
1048 3966 1107 4013 ut
1164 3959 1412 4015 homines
1446 3963 1530 4015 vel
1564 3979 1592 4016 a
1623 3963 1715 4017 tali

137 4052 366 4111 peccato
392 4051 669 4097 cessarent
690 4045 834 4113 quod
862 4053 915 4098 et
937 4046 1116 4100 locum
1139 4048 1470 4115 poeiiitcntiae
1496 4049 1599 4103 sibi
1628 4050 1714 4104 in-

138 4132 447 4187 tercludere
506 4148 615 4186 non
675 4132 1005 4203 ignorarent.
1062 4134 1206 4191 Satis
1252 4146 1434 4191 autem
1476 4154 1716 4210 congrue

138 4223 459 4293 hujusmodi
500 4222 714 4279 femina:
766 4225 834 4279 ad
857 4228 1118 4296 agendam
1160 4229 1533 4298 ptenitentiant
1557 4232 1715 4301 quasi

116 4314 379 4384 Eindigna:
424 4323 763 4383 reputantur,
810 4331 875 4369 eo
913 4318 1253 4385 potissimum
1299 4328 1541 4390 tempore
1589 4338 1714 4377 cum

1818 497 1986 551 cludit
2014 497 2145 566 quin
2170 506 2224 551 et
2244 507 2368 551 ante
2398 497 2756 565 expletionem
2793 510 2982 549 eorum
3029 493 3171 549 Deus
3190 496 3271 549 eis
3316 496 3395 550 in-
3422 520 3423 527 η

1818 588 2036 660 dulgere
2065 588 2241 641 valeat
2267 596 2321 640 et
2350 589 2543 653 soleat,
2570 588 2617 642 si
2651 587 2812 658 digne
2833 585 3202 655 prenituerint,
3234 586 3392 655 juxta

1818 676 1949 732 illud
1980 678 2039 731 Β.
2080 675 2276 731 Leonis
2299 693 2450 747 papa:
2489 697 2501 732 :
2541 696 2559 729 ι
2596 677 2755 743 Quia,
2788 676 2979 745 inquit,
3000 674 3397 730 misericordia:

1816 769 1912 823 Dei
1971 783 2071 822 nec
2113 782 2400 823 mensuras
2441 762 2734 837 possumus
2756 766 2977 837 ponere,
3008 781 3109 820 nec
3144 770 3388 835 ternpora

1815 860 2062 925 dillinire,
2130 858 2271 927 apud
2306 874 2469 927 quem
2526 859 2704 913 nullas
2749 873 2933 912 moras
2974 858 3179 926 patitur
3216 857 3393 911 venire

1817 950 2122 1004 conversio.
2184 968 2201 999 ι
2242 947 2395 1002 Unde
2445 958 2503 1015 et
2534 949 2708 1003 sancti
2746 947 2941 1002 Patres
2985 948 3129 1002 hunc
3199 963 3392 1001 nume-

1815 1056 1937 1095 rum
1997 1055 2287 1104 annorum,
2347 1039 2394 1094 si
2437 1048 2615 1093 tamen
2673 1039 3055 1094 ecclesiasticae
3091 1038 3393 1106 disciplinae

1821 1146 1931 1185 non
1960 1129 2215 1195 abfuerit,
2262 1130 2537 1184 inultities
2591 1129 2999 1199 anticipandum
3047 1130 3101 1183 in
3136 1129 3386 1183 reconci-

1816 1220 2038 1276 liatione
2068 1231 2395 1276 censuerunt
2422 1223 2475 1275 in
2507 1222 2590 1277 his
2620 1222 2883 1276 duntaxat
2915 1221 3009 1290 qui
3040 1222 3200 1291 digne
3221 1222 3391 1291 poeni—

1816 1320 2055 1368 tuerunt.
2091 1311 2248 1379 Nam,
2292 1321 2353 1367 ut
2380 1313 2438 1367 B.
2466 1313 2804 1383 Augustinus
2839 1314 2894 1366 in
2941 1329 3042 1368 suo
3076 1312 3389 1367 Enchiridio

1816 1411 2071 1470 testatur,
2101 1404 2155 1457 in
2196 1405 2409 1459 actione
2433 1405 3110 1474 hujusmodiptenitentize,
3138 1420 3246 1458 non
3276 1413 3388 1458 tam

1817 1509 2072 1548 mensura
2122 1495 2384 1565 temporis
2439 1511 2604 1565 quam
2653 1496 2859 1551 doloris
2907 1496 3231 1550 attendenda
3285 1504 3389 1549 est.

1816 1584 1969 1651 Item,
1995 1585 2056 1641 Β.
2094 1586 2442 1641 Innocentius
2482 1603 2645 1657 papa:
2692 1607 2710 1639 ι
2761 1587 2837 1642 De
2886 1588 3143 1657 pondere,
3192 1587 3389 1656 inquit,

1816 1686 2162 1746 peccatorum
2206 1680 2455 1733 aestiman
2470 1680 2549 1744 lo,
2579 1680 2883 1734 sacerdotis
2931 1689 3015 1733 est
3033 1680 3299 1749 judicare,
3328 1689 3390 1733 ut

1816 1771 2055 1825 attendat
2090 1772 2155 1825 ad
2178 1770 2573 1826 confessionem
2605 1772 2934 1841 paenitentis,
2963 1781 3017 1827 et
3046 1772 3113 1827 ad
3138 1772 3294 1825 fletus
3336 1780 3392 1825 et
3418 1776 3423 1783 ‘

1817 1862 1882 1916 ad
1907 1863 2173 1934 lacrymas
2204 1865 2551 1934 corrigentis;
2580 1881 2643 1919 ac
2666 1873 2777 1919 tum
2806 1865 2997 1935 jubere
3017 1865 3235 1930 dimitti,
3262 1878 3388 1919 cum

1814 1956 2010 2011 viderit
2037 1972 2334 2027 congruam
2360 1957 2806 2012 satisfactionem.
2855 1974 2874 2009 ι

1886 2076 2022 2134 Hinc
2042 2088 2094 2134 et
2122 2078 2398 2134 Niczenum
2432 2081 2722 2136 concilium
2760 2080 2962 2150 lapsos,
2987 2096 3124 2150 quos
3157 2078 3390 2133 triennio

1817 2170 1959 2226 inter
1987 2174 2430 2239 catechumenos,
2456 2182 2508 2228 et
2534 2183 2718 2243 postea
2741 2173 3003 2227 decennio
3044 2173 3185 2226 inter
3209 2173 3387 2242 pinni-

1817 2270 1991 2319 tentcs
2018 2265 2178 2336 amigi
2202 2266 2502 2332 constituit,
2539 2267 2607 2319 ab
2632 2266 2902 2335 episcopis
2930 2264 3224 2317 humanius
3274 2272 3387 2318 tra-

1816 2356 1953 2411 ctari
1988 2357 2279 2424 concessit,
2297 2358 2343 2412 si
2370 2373 2495 2411 cum
2520 2366 2665 2411 metu
2703 2365 2757 2410 et
2782 2357 3037 2428 lacryinis
3067 2373 3175 2411 non
3212 2356 3387 2411 simu-

1816 2448 1944 2513 late,
1996 2449 2090 2503 sed
2141 2449 2403 2503 veraciter
2451 2449 2821 2518 ptenituerint,
2865 2449 3071 2518 tepidos
3117 2457 3295 2501 autem
3336 2456 3391 2504 ct

1816 2541 2176 2611 negligentius
2200 2543 2524 2611 pmnitentes
2546 2541 2832 2595 dillinitum
2874 2549 3087 2611 tempus
3133 2526 3388 2598 omnibus

1817 2633 1994 2697 modis
2015 2633 2239 2702 implere
2261 2634 2563 2710 constituit.
2590 2634 2689 2687 Cui
2724 2634 3006 2687 sententia:
3122 2631 3387 2703 Hierony-

1816 2739 1939 2779 mus
1968 2724 2373 2779 evidentissime
2412 2708 2753 2795 astipulatur.
2803 2743 2820 2775 σ
2865 2708 3037 2793 Apud
3076 2722 3268 2789 Deum,
3305 2724 3390 2777 in-

1817 2816 1954 2889 quit,
1998 2831 2107 2870 non
2137 2824 2245 2871 tam
2275 2832 2528 2871 mensura
2540 2817 2681 2872 valet
2702 2816 2959 2885 temporis
2980 2831 3145 2885 quam
3160 2815 3386 2882 doloris,

1817 2924 1918 2962 nec
1942 2908 2269 2963 abstinentia
2319 2917 2530 2963 tantum
2556 2909 2800 2964 ciborum
2830 2924 2996 2978 quam
3041 2906 3387 2962 mortificatio

1817 2999 2095 3064 vitiorum,
2119 3009 2337 3075 propter
2358 3017 2522 3072 quam
2548 3010 2789 3070 tempora
2837 2999 3167 3070 pmnitcntia:
3212 3000 3313 3054 fide
3335 3008 3390 3053 et

1741 3069 1781 3125 C
1815 3093 2226 3148 conversatione
2291 3094 2668 3163 pmnitentium
2726 3092 3088 3145 abbrevianda
3148 3107 3386 3147 canones

1816 3184 2154 3254 praecipiunt,
2182 3194 2234 3239 et
2267 3186 2589 3256 negligentia
2623 3185 2955 3254 protelamla.

1850 3346 1854 3351 -
1888 3305 1993 3361 Sed
2013 3316 2066 3362 et
2090 3309 2229 3363 ratio
2265 3316 2567 3378 temporum
2594 3321 2989 3375 nonnunquam
3020 3306 3253 3375 rigorem
3295 3321 3388 3361 ca-

1814 3413 2017 3453 nonum
2058 3400 2256 3454 remitti
2283 3400 2454 3470 cogit:
2502 3400 2643 3454 sicut
2673 3398 2731 3451 Β.
2774 3397 3121 3451 Innocentius
3151 3412 3288 3467 papa
3330 3398 3388 3452 in

1813 3494 2139 3562 quibusdam
2182 3492 2492 3548 faciendum
2543 3490 2782 3549 decrevit
2835 3492 3009 3563 mist.
3050 3491 3119 3546 nd
3170 3489 3387 3562 Exupe-

1815 3587 1953 3639 rium
1986 3586 2301 3640 Tolosanum
2323 3585 2667 3657 episcopum),
2697 3586 2790 3655 qui
2813 3586 2914 3641 hac
2936 3587 3043 3639 vita
3074 3585 3129 3639 in
3142 3586 3391 3653 volupta-

1814 3676 1958 3732 tibus
1982 3686 2278 3743 transacta,
2308 3679 2526 3733 demum
2552 3679 2604 3732 in
2646 3679 2753 3732 fine
2801 3677 3177 3746 pmnitentiam
3224 3676 3405 3731 simul

1813 3776 1867 3822 et
1894 3770 2386 3826 reconciliationem
2424 3777 2701 3840 expetant.
2751 3788 2770 3820 ‹
2816 3770 2891 3824 De
2930 3770 3035 3837 his,
3067 3769 3262 3841 inquit,
3292 3769 3392 3823 ob-

1816 3862 2050 3916 servatio
2076 3864 2224 3931 prior
2253 3864 2472 3927 durior;
2527 3863 2817 3931 posterior,
2850 3862 3242 3917 interveniente
3285 3861 3390 3914 mi-

1816 3953 2130 4016 sericordia,
2164 3954 2473 4009 inclinatior
2501 3964 2604 4008 est.
2655 3973 2672 4004 ι
2718 3952 2854 4007 Nam
2874 3953 3215 4008 consuetudo
3240 3953 3392 4022 prior

1815 4044 1987 4098 tenuit
2030 4051 2093 4103 ut
2142 4046 2532 4100 concederetur
2578 4044 2918 4114 pmnitentia,
2952 4045 3047 4099 sed
3077 4045 3392 4098 communio

1813 4142 2122 4203 negaretur.
2161 4155 2181 4188 ι
2225 4135 2360 4190 Nam
2387 4151 2512 4190 cum
2539 4136 2625 4191 bis
2646 4136 2983 4204 temporibus
3020 4136 3224 4190 crebrae
3264 4151 3392 4204 per-

1815 4226 2126 4280 secutiones
2153 4235 2358 4292 essent,
2407 4242 2475 4280 ne
2505 4224 2815 4281 communis
2858 4240 3119 4281 concessa
3159 4224 3391 4280 facultas

1816 4313 2069 4369 homines
2092 4316 2159 4369 de
2188 4315 2632 4371 reconciliatione
2660 4329 2886 4369 securos
2914 4331 3022 4370 non
3052 4324 3331 4371 revocaret
3352 4330 3386 4371 a

137 4404 323 4459 adhuc
343 4405 554 4471 vivunt,
586 4421 710 4472 cum
736 4407 935 4477 quibus
974 4424 1297 4478 peccavere;
1337 4411 1465 4481 quia
1500 4421 1554 4466 et
1584 4425 1712 4468 tunc
1746 4415 1790 4469 D
1815 4404 1991 4469 laDSU.
2019 4406 2215 4460 merito
2241 4414 2433 4476 negata
2456 4413 2541 4459 est
2564 4404 2908 4471 communio;
2938 4420 3199 4460 concessa
3220 4405 3392 4475 pumi-

137 4493 207 4548 de
232 4494 315 4549 eis
337 4503 525 4550 sancta
571 4494 809 4551 Ecclesia
834 4500 1193 4555 scandalizari
1219 4501 1377 4567 solet,
1430 4518 1555 4557 cum
1590 4520 1715 4573 pec-

138 4593 324 4637 catum
350 4599 540 4638 carum
562 4600 670 4639 non
699 4588 872 4641 solum
896 4605 990 4659 per
1016 4590 1182 4660 ipsas,
1233 4592 1328 4647 sed
1351 4607 1447 4663 per
1469 4609 1713 4665 praesen-

136 4674 271 4731 tiam
299 4672 692 4732 fornicatorum
725 4680 964 4747 quotidie
988 4683 1312 4751 publicatur.
1365 4683 1484 4739 Non
1536 4688 1713 4742 solum

140 4779 326 4821 autem
353 4768 409 4820 in
435 4767 729 4837 praedictis,
753 4770 846 4824 sed
870 4779 924 4825 et
959 4772 1012 4825 in
1043 4774 1163 4828 aliis
1192 4790 1464 4830 canonum
1495 4777 1716 4846 judiciis

137 4855 420 4939 profectus
448 4856 828 4913 ecclesiastica:
856 4858 1151 4930 disciplina:
1169 4863 1512 4931 potissimum
1540 4874 1715 4919 atten-

138 4948 312 5022 ditur,
339 4955 471 5003 utet
495 4948 587 5021 qui
625 4958 985 5019 peccaverunt
1037 4954 1400 5025 corrigantur,
1444 4964 1498 5010 et
1531 4958 1622 5010 alii
1650 4973 1717 5013 ne

141 5036 375 5108 peccent"
400 5040 791 5094 deterreantur.
833 5040 971 5096 Hinc
1026 5052 1108 5100 est
1148 5046 1292 5114 quod
1324 5047 1542 5118 quidam
1568 5064 1719 5106 nunc

142 5140 349 5158 Anniam
584 5128 765 5158 λ’ΛΑΑΜ
807 5132 957 5158 ,ιη-εἶ..
1020 5135 1300 5158 ..ἱξ...---...]..
1363 5150 1401 5158 -.

1814 4499 2004 4562 tentia,
2032 4512 2100 4549 ne
2126 4504 2296 4553 totum
2331 4496 2548 4565 penitus
2581 4504 2891 4566 negaretur,
2916 4504 2969 4551 et
2993 4495 3272 4553 duriorem
3299 4510 3390 4549 re-

1815 4586 2132 4639 missionem
2164 4585 2291 4640 fecit
2314 4586 2573 4655 temporis
2596 4587 2754 4641 ratio.
2793 4585 2899 4641 Sed
2926 4594 3217 4656 postquam
3272 4586 3386 4642 Do-

1817 4676 2000 4739 minus
2019 4684 2205 4731 noster
2224 4691 2410 4745 pacem
2431 4675 2692 4733 Ecclesiis
2721 4676 2838 4733 suis
2865 4677 3117 4742 reddidit,
3156 4678 3270 4747 jam
3292 4677 3393 4732 de-

1816 4767 1974 4836 pulso
2008 4775 2237 4833 terrore,
2273 4766 2717 4823 communionem
2761 4767 2882 4823 dari
2919 4769 3246 4826 obeuntibus
3277 4769 3399 4840 pla-

1824 4859 1955 4926 cuit,
1980 4867 2032 4914 et
2073 4867 2289 4929 propter
2318 4858 2533 4914 Domini
2579 4861 3014 4918 misericordiam
3056 4866 3217 4932 quasi
3242 4861 3408 4920 viati-

1825 4964 1947 5003 cum
1980 4949 2326 5018 profecturis,
2349 4965 2415 5004 ne
2448 4948 2736 5008 Novatiani
2763 4952 3009 5007 haeretici
3030 4956 3284 5023 negantis
3312 4966 3419 5006 ve—.

1825 5040 1972 5094 niam
1999 5039 2344 5109 asperitatem
2375 5048 2429 5094 et
2473 5039 2735 5099 duritiam
2792 5039 3053 5113 subsequi
3097 5046 3416 5104 videamur.

1828 5129 2109 5158 Ἰη-εῑ...ει..-
2134 5130 2449 5156 Γο-ζὶκ--ι.ι....Ἱ
2489 5146 2612 5154 Α-α-
2674 5152 2681 5153 ,
2752 5150 2785 5154 ,-
2825 5146 2908 5152 _--
