3986 5312
546 318 683 380 im
1251 290 1261 295 ’
1428 280 1443 378 ί
1480 294 1586 383 fab
1621 307 1851 367 orm
1889 306 1946 361 s.
1987 302 2316 362 cnnconu
2351 301 2789 377 APdENDlCES.
3663 301 3795 359 uss

540 433 622 491 ris
647 440 704 487 et
726 425 1003 487 moderna:
1021 419 1363 481 remissionis
1404 419 1755 476 rationabiles
1798 432 1995 481 causas
2016 431 2118 475 an-
2143 417 2191 474 Α
2214 422 2339 486 post
2364 414 2580 486 lapsum
2601 430 2713 471 non
2759 428 2923 486 posse
2963 412 3197 483 restitui,
3222 413 3270 471 si
3297 413 3635 487 condignam
3676 431 3792 490 εδο-

544 531 766 581 nectere
790 518 1020 577 curavit.
1518 580 1523 587 ν
2216 508 2328 562 rint
2364 507 2757 576 paenitentiam.
2806 525 2825 558 ι
2877 504 3006 560 item
3047 506 3241 561 beatus
3260 505 3580 587 .Gregorius
3622 522 3796 579 papa,

614 612 921 686 Aliquando
943 609 1107 665 etiam
1129 614 1184 661 et
1202 605 1323 675 ipsa
1367 582 1660 659 multitudo
1682 597 2119 670 delinquentium
2218 598 2463 654 scribens
2492 597 2561 652 ad
2583 596 2952 652 Secundinum
3001 611 3217 651 servum
3253 582 3350 650 Dei
3379 596 3685 663 inclusum,
3724 597 3799 651 la-

549 709 781 779 rigorem
821 700 1122 771 disciplina:
1148 714 1259 753 non
1309 696 1566 763 admittit,
1592 703 1654 749 ut
1693 694 1839 764 quod
1873 707 1904 746 a
1935 692 2122 748 multis
2217 704 2348 760 psos
2379 689 2433 742 in
2472 689 2717 744 ordinem
2770 687 2983 743 restitui
3028 701 3189 758 posse
3225 687 3491 754 asseruit;
3543 703 3692 757 quos
3724 696 3803 742 ιι.

544 807 800 870 peccatur
823 793 1087 851 canonice
1117 788 1381 844 vindicari
1422 787 1614 857 possit.
1668 785 1728 839 ln
1765 801 1873 855 qua
1918 797 2120 848 causa,

539 894 696 963 juxta
729 885 1133 944 attestationem
1173 880 1418 951 ejusdem
1457 876 1762 948 apostolici,
1808 875 1991 945 priora
2028 874 2123 927 Dei

540 980 747 1053 judicio
787 973 1178 1034 committenda
1229 977 1379 1036 sunt,
1426 977 1481 1023 et
1526 969 1593 1023 de
1626 968 1838 1036 reliquo
1887 965 2123 1020 maxima

546 1069 912 1129 sollicitudine
951 1062 1386 1135 praecavendum.
1422 1059 1545 1129 ipsa
1596 1072 1818 1129 quoque
1871 1055 2123 1111 conside-

544 1164 686 1221 ratio
716 1158 1026 1230 fragilitatis
1073 1156 1333 1215 humana:
1354 1163 1748 1218 nonnunquam
1778 1147 2013 1217 rigorem
2034 1161 2127 1201 ca-

545 1270 754 1311 nonum
788 1251 934 1323 cogit
955 1247 1217 1304 emollire.
1244 1242 1400 1298 Unde
1447 1241 1507 1295 B.
1545 1239 1802 1296 Nicolaus
1842 1253 1982 1308 papa
2010 1237 2126 1308 pri—

548 1362 698 1403 mum
736 1341 1024 1415 parricidis
1062 1347 1115 1393 et
1135 1334 1433 1393 fratricidis
1456 1333 1899 1389 communionem
1935 1331 2126 1386 altaris

546 1445 672 1508 post
696 1434 973 1490 biennium
994 1428 1344 1491 reddendam,
1363 1441 1431 1480 ne
1459 1425 1829 1494 desperarent,
1858 1421 2123 1479 decrevit:

549 1544 715 1599 quam
742 1536 924 1583 tamen
956 1523 1305 1593 Ancyranum
1340 1517 1656 1581 concilium,
1682 1530 1782 1570 nec
1812 1513 2125 1581 homicidis,

550 1620 656 1675 nisi
683 1619 737 1673 in
757 1618 862 1671 line
881 1616 1005 1670 vita:
1032 1611 1419 1669 redhibendam
1444 1605 1703 1681 [statuit].

622 1710 827 1765 Eodem
872 1707 1034 1763 modo
1067 1712 1121 1760 et
1150 1711 1450 1773 spontanea
1495 1698 1774 1755 confessio
1806 1697 2127 1753 canonicam

551 1803 915 1866 severitatem,
964 1800 1122 1868 juxta
1154 1793 1595 1855 Chalcedonense
1641 1790 1934 1846 concilium
1981 1788 2130 1843 miti-

551 1910 679 1966 gare
701 1890 1004 1956 consuevit,
1042 1887 1189 1959 quod
1225 1887 1412 1956 utique
1440 1883 1725 1939 monachis
1746 1889 1800 1936 et
1829 1880 2131 1951 virginibus

552 1986 747 2052 sacris,
784 1999 818 2037 a
857 1981 1140 2053 proposito
1167 1978 1354 2048 lapsis,
1398 1977 1491 2030 sed
1518 1973 1785 2030 confessis
1813 1972 2131 2028 misericor-

552 2077 698 2132 diam
724 2074 987 2145 impertiri
1012 2070 1271 2128 decrevit.
1314 2062 1667 2139 Nequaquam
1702 2063 2017 2135 hujusmodi
2042 2079 2119 2119 re-

554 2168 846 2224 missiones
868 2166 1008 2220 inter
1045 2160 1390 2218 authenticas
1431 2157 1744 2214 sanctiones
1783 2156 2134 2211 admitteren-

556 2267 666 2324 tur,
701 2257 747 2312 si
784 2270 895 2311 non
932 2255 1045 2320 alii,
1086 2253 1192 2308 nisi
1219 2252 1314 2322 qui
1332 2251 1487 2321 juxta
1536 2250 1863 2306 canonicum
1896 2247 2133 2317 rigorem

556 2347 931 2417 paenitentiam
973 2344 1281 2414 explerent,
1335 2340 1533 2397 salvari
1561 2340 1942 2405 crederentur;
1986 2337 2134 2408 quod

560 2452 693 2494 sane
729 2451 838 2492 nou
862 2436 1227 2499 Catholicum,
1260 2432 1353 2488 sed
1377 2431 1730 2504 Pelagianum
1758 2446 1880 2487 esse
1926 2431 2136 2485 videre-

559 2538 668 2584 tur.
700 2527 819 2598 lpse
843 2528 988 2583 enim
1034 2526 1285 2595 Pelagius
1310 2524 1523 2578 veniam
1566 2521 1873 2592 petentibus
1899 2536 2007 2576 non
2043 2536 2133 2577 sc-

560 2622 798 2677 cundum
845 2619 1075 2690 gratiam
1110 2617 1227 2682 Dei,
1283 2615 1379 2670 sed
1412 2614 1712 2669 secundum
1756 2612 1950 2668 merita
1974 2622 2028 2668 et
2055 2613 2138 2668 la-

561 2712 722 2767 bores
763 2725 955 2765 eorum
999 2708 1117 2764 dari
1158 2704 1562 2779 dogmatizavit.
1621 2702 1725 2760 Sed
1770 2704 1913 2774 apud
1962 2702 2151 2758 Deum~

563 2804 741 2858 nullas
777 2801 947 2857 veniae
993 2816 1178 2856 moras
1207 2800 1410 2870 patitur
1448 2795 1753 2862 conversio,
1793 2803 1854 2851 ut
1889 2795 2138 2866 praeliba-

561 2896 759 2951 vimus.
785 2893 938 2949 Unde
959 2901 1012 2947 et
1055 2891 1228 2947 sancti
1255 2890 1443 2945 Patres
1463 2890 1517 2943 in
1537 2888 1800 2944 canonico
1821 2888 2000 2959 rigore
2026 2902 2137 2942 non

566 2988 857 3043 terminum
878 2982 1242 3054 indulgentize,
1274 2982 1368 3036 sed
1395 2982 1629 3036 formam
1655 2979 1954 3049 disciplina:
1977 2978 2138 3035 nobis

2220 795 2344 834 men
2366 780 2495 835 alibi
2516 780 2569 835 in
2597 778 2830 850 Regesto
2851 795 2979 845 suo,
3006 779 3162 849 juxta
3196 779 3526 833 canonicum
3566 779 3805 850 rigorem

2221 888 2290 928 ne
2308 873 2744 937 restituerentur,
2781 870 3075 941 prohibuit.
3105 869 3162 924 In
3184 870 3344 940 epist.
3373 871 3523 925 enim
3567 870 3639 924 ad
3660 869 3806 925 Con-

2223 963 2483 1018 stantium
2524 961 2980 1016 Mediolanensem
3025 962 3367 1030 episcopum:
3412 980 3432 1013 ι
3485 960 3546 1015 Si
3580 946 3807 1032 lapsis,

2225 1052 2421 1124 inquit,
2446 1054 2512 1108 ad
2544 1069 2704 1109 suum
2736 1052 2981 1107 ordinem
3010 1052 3309 1106 revertendi
3349 1051 3578 1107 licentia
3613 1067 3810 1107 conce-

2225 1144 2391 1209 ditur,
2419 1144 2566 1215 rigor
2588 1143 2796 1214 procul
2835 1142 3001 1197 dubio
3028 1143 3302 1198 canonica:
3337 1142 3619 1214 frangitur
3645 1144 3812 1199 disci-

2224 1234 2403 1305 plime.
2448 1253 2466 1285 ι
2510 1233 2578 1288 Et
2623 1242 2748 1304 post
2774 1248 2990 1304 pauca:
3037 1252 3057 1286 ι
3100 1232 3234 1289 Illud
3273 1221 3439 1304 igitur
3474 1249 3594 1305 pm
3629 1234 3809 1288 omni—

2226 1325 2331 1381 bus
2353 1325 2564 1381 studete
2598 1332 2659 1381 ut
2712 1325 2896 1395 lapsos
2948 1324 3004 1378 in
3054 1339 3272 1379 sacrum
3307 1324 3565 1380 ordinem
3606 1325 3810 1379 nullius

2226 1417 2382 1472 vobis
2404 1415 2724 1487 supplicatio
2744 1415 2927 1485 aliquo
2951 1415 3113 1471 modo
3130 1429 3388 1471 revocare
3405 1416 3756 1485 persuadeat.
3786 1434 3805 1468 ι

2301 1507 2532 1564 Videsne
2585 1507 2749 1579 igitur
2804 1506 3139 1576 singularem
3206 1514 3528 1560 sanctorum
3584 1504 3811 1562 Patrum

2228 1597 2567 1668 diligentiam
2603 1594 2700 1667 qui
2730 1603 2786 1651 et
2819 1580 3219 1652 restitutionem
3248 1597 3530 1667 lapsorum
3555 1597 3813 1653 ecclesia-

2232 1691 2383 1745 sticae
2435 1687 2693 1760 potestati
2739 1686 2989 1757 adjacere
3020 1686 3294 1754 dixerunt,
3341 1694 3399 1741 et
3431 1696 3619 1742 tamen
3646 1688 3813 1759 lapsis

2230 1795 2350 1835 eam
2368 1777 2667 1833 concedere
2681 1775 2997 1843 noluerunt,
3013 1776 3220 1831 scilicet
3247 1786 3309 1831 ut
3326 1776 3491 1848 rigor'
3505 1776 3814 1847 disciplina

2232 1868 2560 1942 generaliter
2603 1867 2805 1936 ubique
2846 1865 3151 1932 timeretur,
3182 1880 3284 1920 nec
3324 1873 3511 1921 tamen
3560 1866 3810 1922 illicitum

2228 1963 2589 2033 judicaretur,
2626 1961 2802 2017 sicubi
2838 1961 3222 2017 ecclesiastica
3251 1960 3475 2015 utilitati
3506 1961 3563 2015 in
3589 1963 3814 2017 restitu-

2231 2044 2384 2110 tione
2412 2054 2547 2125 lapsi
2578 2054 2810 2125 alicujus
2832 2054 3229 2109 consuleretur.
3259 2049 3369 2107 Nec
3398 2051 3456 2106 in
3482 2052 3591 2106 hoc
3627 2053 3815 2122 utique

2234 2147 2356 2202 illos
2388 2145 2493 2201 sibi
2521 2144 2655 2216 ipsis
2685 2146 2996 2200 contrarios
3027 2150 3278 2215 reputare
3323 2142 3593 2198 debemus
3623 2142 3672 2196 si
3717 2142 3816 2196 alio

2234 2238 2453 2310 quando
2494 2236 2677 2307 lapsos
2702 2236 2756 2291 in
2780 2235 3027 2291 ordinem
3051 2236 3413 2290 restituerunt
3445 2248 3592 2304 quos
3634 2241 3812 2288 tamen

2234 2331 2365 2389 alibi
2400 2345 2470 2384 ne
2495 2328 2912 2384 restituerentur
2942 2325 3359 2398 prohibuerunt.
3387 2323 3530 2379 Nam
3560 2325 3814 2394 utrinque

2235 2436 2400 2477 unam
2415 2428 2470 2475 et
2484 2420 2729 2475 eamdem
2741 2418 3092 2475 intentionem
3100 2417 3360 2472 habuisse
3376 2431 3490 2470 non
3510 2416 3809 2483 dubitatur,

2236 2512 2484 2569 videlicet
2509 2519 2571 2567 ut
2599 2511 2981 2567 ecclesiastica:
3004 2509 3225 2565 utilitati
3259 2523 3614 2578 summopere
3640 2506 3814 2577 provi-

2235 2606 2428 2662 derent
2461 2603 2577 2661 sive
2597 2617 2872 2660 canonum
2906 2601 3138 2673 rigorem
3163 2600 3546 2667 observarent,
3574 2600 3693 2654 sive
3723 2613 3816 2669 pro

2236 2698 2499 2769 qualitate
2549 2696 2814 2766 temporis
2861 2710 2988 2750 eum
3040 2693 3109 2749 ad
3166 2701 3382 2763 tempus
3426 2699 3813 2763 temperarent.

2239 2790 2465 2867 semper
2488 2789 2633 2843 enim
2665 2787 2807 2843 mala
2846 2786 3136 2857 prohibere
3154 2792 3211 2840 et
3236 2784 3380 2839 bona
3400 2782 3699 2838 instituere
3724 2796 3816 2853 po-

2237 2881 2510 2936 tissimum
2541 2879 2825 2944 studucre;
2862 2877 3010 2948 quod
3040 2874 3233 2947 procul
3261 2874 3430 2932 dubio
3472 2873 3689 2929 efﬁcere
3716 2887 3818 2927 non

2237 2980 2491 3045 possent,
2545 2970 2591 3026 si
2652 2985 2762 3024 non
2814 2983 2914 3039 pro
2965 2967 3278 3022 diversitate
3322 2973 3639 3035 temporum
3682 2976 3820 3016 nunc

564 3078 871 3148 prmisisse,
898 3052 1212 3139 creduntur,
1237 3070 1435 3143 quippe
1464 3079 1526 3127 ut
1553 3070 1804 3126 homines
1830 3085 1876 3141 0a
1902 3070 2139 3139 peccatis
2165 3094 2208 3152 ο
2241 3063 2446 3126 tritius,
2470 3076 2616 3116 nunc
2636 3058 2877 3115 severius
2900 3057 3149 3114 incedere
3173 3053 3539 3111 studuissent.
3567 3052 3662 3108 Sic
3681 3053 3821 3106 enim

565 3174 988 3238 compescerent,
1024 3182 1123 3221 nec
1141 3164 1303 3219 alicui
1330 3163 1594 3219 veraciter
1619 3175 1886 3219 converso
1924 3160 2138 3216 veniam

565 3260 911 3328 denegarem,
938 3271 1061 3326 qua:
1086 3255 1139 3310 in
1193 3263 1343 3310 tanto
1395 3254 1658 3310 humilius
1708 3261 1765 3309 et
1803 3252 2141 3309 fructuosius

567 3351 830 3420 accipitur
852 3356 1058 3419 quanto
1086 3347 1289 3412 minus,
1315 3346 1468 3416 juxta
1514 3346 1837 3402 canonicum
1882 3344 2138 3416 rigorem,

570 3457 640 3497 cx
665 3441 846 3497 debito
866 3437 1222 3509 impendenda
1244 3437 1610 3508 cognoscitur.
1655 3435 1799 3507 Ergo
1827 3446 1883 3493 et
1912 3438 1967 3492 in
2003 3439 2139 3506 hoc,

574 3533 668 3601 qui
692 3533 874 3586 locum
900 3528 1232 3600 poenitentia:
1263 3529 1347 3584 vel
1383 3528 1823 3584 communionem
1845 3544 1992 3584 nunc
2017 3545 2142 3584 om-

572 3623 725 3686 nino,
750 3636 898 3675 nunc
916 3619 984 3673 ad
1015 3626 1228 3687 tempus
1249 3619 1576 3688 quibusdam
1616 3618 1917 3688 denegasse
1948 3619 2144 3690 leguno

572 3720 664 3767 tur
698 3728 808 3767 non
855 3707 1288 3780 desperationem
1330 3709 1631 3779 lapsorum,
1657 3709 1753 3764 sed
1801 3708 2145 3779 disciplinam

574 3802 1019 3875 corrigendorum
1076 3800 1373 3871 intelligere
1415 3799 1709 3867 debemus;
1758 3815 1826 3856 ne
1869 3801 1937 3855 de
1977 3801 2146 3872 lapsis

576 3895 751 3952 sancti
782 3893 970 3949 Patres
989 3908 1116 3948 cum
1143 3890 1459 3947 Novatianis
1480 3891 2143 3963 desperasscjudicemus.

653 4007 809 4064 Sacri
875 4020 1092 4077 quoque
1134 4019 1373 4060 canones
1431 4003 1488 4059 in
1542 4006 1957 4076 quampluribus
2014 4006 2149 4063 locis

574 4100 806 4157 clericos
832 4098 889 4152 in
911 4097 1139 4152 crimine
1173 4097 1360 4165 lapsos
1388 4096 1458 4151 ab
1485 4097 1679 4154 ordine
1712 4097 2022 4168 deponunt,
2049 4114 2149 4154 nec

575 4192 656 4247 eis
676 4191 913 4260 aliquam
934 4203 1086 4258 spem
1132 4187 1497 4245 restitutionis
1521 4189 1899 4259 praescribunt.
1952 4189 2060 4247 Sed
2096 4200 2152 4247 et

576 4280 724 4335 hunc
734 4281 967 4350 rigorem
982 4292 1254 4333 canonum
1276 4293 1387 4333 non
1405 4278 1544 4334 adeo
1565 4280 1845 4336 attendere
1863 4281 2146 4350 debemus,

577 4381 641 4426 ut
658 4387 783 4427 cum
804 4369 1118 4425 Novatianis
1137 4369 1521 4425 ecclesiasticae
1554 4372 1813 4439 potestati
1839 4372 2041 4443 ligandi
2061 4382 2146 4428 at-

579 4478 686 4534 que
718 4460 961 4517 solvendi
989 4468 1189 4515 temere
1218 4460 1655 4530 praeiudicemus.
1679 4460 1817 4517 Nam
1845 4472 1903 4518 ut
1928 4462 1989 4518 Β.
2030 4463 2145 4518 Au-

580 4555 830 4624 gustinus
857 4553 923 4607 ad
951 4550 1285 4606 Bonifacium
1302 4553 1546 4608 scribens
1575 4560 1830 4608 testatur:
1878 4572 1897 4606 ι
1941 4552 2146 4624 Hujus—

581 4646 730 4701 modi
768 4643 1137 4713 irreparabilis
1185 4642 1455 4711 depositio
1518 4643 1842 4699 clericorum
1890 4659 2001 4698 non
2038 4652 2148 4699 tam

583 4735 959 4805 desperatione
1006 4733 1371 4804 indulgentias,
1415 4748 1580 4803 quam
1628 4733 1807 4804 rigore
1853 4733 2153 4805 disciplinae

584 4825 831 4880 instituta
853 4834 955 4881 est.
981 4825 1231 4894 Alioquin
1263 4831 1449 4880 contra
1478 4825 1658 4880 claves
1685 4824 1941 4882 Ecclesia:
1961 4826 2152 4897 dispu-

586 4920 795 4970 taretur
815 4915 879 4970 de
904 4916 1104 4984 quibus
1122 4915 1326 4969 dictum
1340 4923 1449 4969 est:
1472 4934 1489 4966 ι
1509 4914 1641 4981 Qua:
1663 4915 1935 4972 solveritis
1960 4917 2017 4971 in
2046 4925 2159 4972 ter-

589 5020 670 5070 ra,
701 5013 861 5060 erunt
878 5005 1054 5059 soluta
1076 5005 1204 5058 etin
1233 5004 1372 5060 caelo
1412 5004 1629 5074 (Matth.
1671 5005 1806 5075 xvi).
1852 5025 1870 5057 ι

2242 3152 2445 3208 Nicmni
2473 3150 2663 3207 Patres
2688 3166 2814 3206 cum
2842 3147 3178 3215 Novatianis,
3213 3145 3460 3201 Africani
3493 3161 3626 3200 cum
3650 3143 3823 3198 Dona.

2242 3242 2388 3299 tistis
2403 3242 2589 3298 mitius
2611 3241 2901 3312 agendum,
2924 3248 2987 3294 ut
3004 3238 3320 3310 praedictum
3339 3242 3446 3301 est,
3464 3240 3822 3297 censuerunt,

2244 3342 2307 3390 ut
2347 3335 2416 3389 ab
2459 3347 2644 3388 errore
2690 3346 2786 3386 eos
2838 3329 2923 3385 vel
2961 3328 3043 3385 sic
3072 3332 3409 3381 revocarent.
3449 3322 3613 3389 Item,
3634 3322 3823 3377 beatus

2245 3422 2494 3481 Gelasius
2513 3436 2650 3493 papa
2673 3419 2730 3474 in
2755 3416 3081 3489 quibusdam
3106 3415 3261 3471 laicis
3286 3413 3528 3483 rigorem
3550 3425 3823 3468 canonum

2245 3518 2541 3591 mitigavit,
2575 3515 2802 3587 quibus,
2838 3528 2937 3584 pro
2961 3507 3330 3567 ecclesiastica
3369 3506 3725 3569 necessitate,
3770 3511 3825 3558 ut

2248 3610 2389 3668 infra
2414 3623 2618 3665 annum
2640 3605 2980 3678 pervenirent
3007 3600 3075 3657 ad
3093 3599 3515 3672 presbyterium,
3533 3595 3821 3661 concessit,

2247 3702 2433 3773 sicque
2478 3698 2710 3769 tempori
2742 3712 2800 3752 se
2824 3711 2891 3752 ex
2929 3692 3110 3750 debito
3156 3689 3323 3746 officii
3370 3689 3460 3744 sui
3510 3686 3825 3743 necessario

2248 3788 2697 3849 condescendisse
2745 3783 2996 3841 asseruit.
3066 3780 3157 3837 Sic
3182 3786 3238 3835 et
3286 3777 3662 3848 praedecessor
3709 3789 3825 3844 ejus

2247 3884 2439 3938 beatus
2463 3879 2572 3935 Leo
2586 3893 2725 3949 papa
2743 3874 2971 3946 Magnus
2996 3871 3240 3929 scribens
3261 3869 3329 3924 ad
3353 3867 3649 3939 episcopos
3676 3864 3824 3919 Mau-

2248 3974 2480 4041 ritaniae,
2515 3972 2679 4027 etiam
2709 3967 3041 4038 necphytos,
3094 3969 3280 4032 utpote
3303 3974 3372 4014 ex
3398 3957 3557 4013 laicis
3612 3955 3669 4011 in
3715 3954 3825 4025 epi-

2251 4073 2535 4136 scopatum
2555 4066 2879 4122 maturatos,
2903 4056 2960 4109 in
2981 4053 3294 4125 episcopatu
3320 4048 3521 4120 legitur
3540 4045 3822 4136 tolerasse.

2250 4154 2310 4209 In
2338 4132 2681 4208 ordinatione
2719 4160 2938 4218 quoque
2967 4139 3270 4207 Ambrosii,
3300 4152 3412 4193 non
3438 4151 3640 4208 parum
3662 4132 3827 4205 rigori

2254 4257 2529 4300 canonum
2554 4241 2863 4296 detractum
2886 4242 2989 4300 est,
3016 4231 3110 4303 qui
3150 4231 3207 4286 in
3234 4236 3427 4284 octava
3452 4226 3545 4282 die
3584 4233 3710 4295 post
3734 4223 3826 4277 hac

2253 4337 2532 4408 ptismum,
2552 4346 2651 4402 pro
2679 4326 3048 4385 ecclesiastica
3075 4321 3417 4387 necessitate,
3440 4317 3729 4374 ordinatus
3749 4322 3829 4369 est

2179 4439 2224 4492 ι)
2249 4430 2304 4484 ἰη
2332 4426 2666 4498 episcOpum.
2690 4421 2974 4491 Nusquam
2986 4431 3170 4472 tamen
3196 4414 3370 4471 sancti
3383 4411 3578 4498 Patres
3606 4412 3681 4463 ita
3701 4423 3830 4462 tun.

2251 4496 2382 4588 pori—
2395 4528 2600 4568 morem
2626 4510 2862 4583 gessisse
2873 4510 3147 4580 leguntur,
3168 4503 3276 4560 uisi
3306 4496 3401 4558 ubi
3424 4503 3551 4573 plus
3576 4500 3829 4556 Ecclesia

2254 4601 2655 4674 dispensatoria
2689 4600 2887 4655 lenitas
2907 4611 3074 4668 quam
3104 4595 3370 4651 canonica
3403 4594 3673 4649 severitas
3705 4606 3827 4663 pro-

2257 4697 2416 4751 ﬁcere
2440 4693 2744 4748 videbatur.

2328 4784 2447 4840 Non
2479 4799 2608 4855 ergo
2639 4782 2743 4838 sibi
2785 4780 2918 4852 ipsis
2952 4778 3211 4836 contrarii
3245 4777 3534 4848 reputandi
3573 4784 3706 4832 sunt
3736 4774 3827 4845 qui

2261 4878 2460 4948 ubique
2492 4875 2737 4930 eamdem
2761 4873 3114 4928 intentionem
3138 4870 3461 4942 prohibendi
3493 4870 3643 4925 mala
3666 4882 3723 4925 et
3748 4870 3830 4924 in-

2262 4966 2522 5022 stituendi
2548 4966 2690 5019 bona
2720 4963 2976 5018 habuisse
3005 4962 3317 5018 creduntur.
3345 4960 3475 5017 Hec
3496 4969 3683 5016 autem
3701 4976 3829 5016 con-

2263 5058 2520 5092 cidnrntin
2577 5058 2621 5092 αἱ
2652 5055 3035 5092 onnlociacﬁnic
3060 5055 3323 5092 {unﬁt-Ilia
3348 5054 3580 5092 “(Is-“lor
3603 5052 3826 5092 adi-il».
