3986 5312
185 326 334 384 H89

1077 323 1369 382 APPEND.
1412 321 1499 377 III.
1538 349 1610 363 --
1642 320 2078 381 MONUMENTA
2118 324 2579 389 GREGORIANA.

3332 333 3466 392 {I90

182 450 408 497 tantum
434 437 836 526 escerptiones,
866 437 963 494 sed
994 436 1236 527 integras
1278 437 1603 494 traditiones
1638 436 1780 509 vigi-
1810 440 1857 497 Α
1883 438 2247 509 impendatur,
2286 443 2423 499 satis
2456 457 2696 515 congrue
2736 440 2895 513 juxta
2935 442 3303 515 Augustinum
3326 444 3466 503 nihil

183 531 327 587 lauti
369 518 553 587 studio
586 529 896 601 perlegerit.

260 622 564 678 Sciendum
593 630 776 676 autem
792 664 806 687 ,
830 620 989 690 juxta
1019 620 1377 691 apostolicam
1403 620 1774 687 traditionem,

187 702 510 768 sacerdotes
559 713 674 767 sive
732 712 1027 779 diaconos,
1076 713 1132 766 in
1180 712 1408 767 crimine
1432 712 1638 781 lapsos,
1682 726 1779 781 per

188 823 392 861 manus
416 806 822 877 impositionem
845 805 1143 859 remedium
1164 806 1494 875 paenitentiae
1516 803 1780 873 consequi

189 914 303 952 non
332 898 530 954 debere
582 899 722 952 inter
746 898 945 964 laicos,
976 906 1037 952 ut
1062 896 1118 951 S.
1155 896 1264 951 Leo
1284 911 1422 966 papa
1452 897 1506 949 in
1546 894 1781 950 decretis

190 988 313 1044 suis
346 1004 469 1059 cap.
507 988 598 1055 25,
642 995 895 1043 testatur.
941 987 1043 1055 Qui
1073 997 1127 1043 et
1158 988 1473 1060 hujusmodi
1517 987 1685 1057 lapsis
1711 985 1781 1042 ad

191 1080 617 1149 promerendam
642 1079 737 1134 Dei
751 1081 1181 1135 misericordiam
1196 1081 1463 1150 privatam
1479 1077 1781 1133 sessionem

193 1160 556 1242 expetendam
572 1188 693 1227 esse
711 1173 862 1239 dicit,
894 1173 983 1226 ubi
1007 1171 1309 1226 satisfactio
1336 1170 1383 1226 si
1409 1170 1573 1225 fuerit
1593 1170 1778 1241 digna,

194 1260 269 1317 sit
294 1265 469 1331 etiam
494 1263 795 1318 fructuosa.
827 1263 982 1329 Item,
1007 1262 1437 1334 Carthagincnse
1464 1262 1780 1327 concilium,

196 1368 319 1424 Cap.
370 1354 488 1408 27:
528 1374 548 1406 ι
585 1355 641 1409 Si
679 1356 899 1425 quando
937 1356 1222 1426 presbyter
1276 1356 1361 1409 vel
1410 1355 1676 1409 diaconus
1727 1352 1781 1406 in

196 1443 434 1515 graviori
480 1445 637 1515 culpa
664 1447 946 1501 convictus
976 1442 1141 1499 luerit
1162 1462 1267 1515 qua
1294 1462 1419 1500 eum
1449 1459 1670 1499 necesse
1700 1451 1785 1498 est

197 1552 230 1590 a
262 1535 568 1590 ministerio
594 1539 880 1603 removeri,
907 1554 1015 1592 non
1038 1538 1116 1592 eis
1143 1554 1359 1603 manus,
1388 1545 1645 1606 tanquam
1675 1552 1786 1606 po:-

199 1628 522 1695 nitcntibus,
553 1630 636 1684 vel
666 1637 928 1699 tanquam
976 1629 1224 1684 ﬁdelibus
1259 1630 1414 1682 laicis
1443 1629 1777 1699 imponatur.

198 1715 259 1773 In
289 1719 543 1775 haeresim
573 1729 754 1775 autem
783 1721 922 1791 lapsi
951 1730 1005 1775 et
1030 1728 1218 1789 postea
1240 1719 1443 1774 reversi
1466 1735 1561 1788 per
1587 1734 1784 1772 manus

199 1811 613 1881 impositionem
656 1811 1112 1878 reconciliantur,
1162 1810 1379 1864 etiamsi
1412 1825 1537 1864 cum
1597 1808 1788 1863 ordine

199 1917 302 1971 pro
331 1903 703 1958 ecclesiastica
734 1903 1061 1957 necessitate
1103 1916 1493 1971 nonnunquam
1518 1899 1786 1969 recipian-

200 2002 313 2059 tur,
350 1994 496 2049 sicut
525 1995 591 2050 de
624 1993 944 2049 Novatianis
974 1994 1028 2047 in
1056 1992 1278 2048 Nicaeno
1304 1992 1661 2047 constitutum
1702 1998 1787 2045 est

200 2086 457 2140 concilio.
508 2083 584 2141 De
626 2086 732 2154 his,
783 2086 987 2156 inquit,
1037 2085 1131 2156 qui
1183 2100 1242 2140 se
1275 2085 1558 2150 catharos,
1610 2084 1664 2139 id
1703 2090 1788 2137 est

202 2178 472 2245 mundos,
527 2179 946 2250 cognominant,
1008 2177 1054 2232 si
1101 2177 1394 2247 aliquando
1428 2176 1677 2231 venerint
1718 2175 1787 2230 ad

200 2267 509 2325 Ecclesiam
534 2271 881 2335 catholicam,
906 2269 1111 2339 placuit
1139 2277 1329 2323 sancto
1350 2277 1403 2322 et
1436 2282 1635 2338 magno
1657 2283 1789 2323 con-

204 2356 333 2415 cilio
352 2371 431 2429 ut,
455 2361 857 2432 impositionem
883 2377 1077 2416 manus
1094 2361 1441 2430 accipientes,
1466 2359 1619 2415 sicin
1642 2360 1787 2414 clero

203 2463 587 2522 permaneant.
611 2474 629 2505 ι
648 2452 845 2507 Hocita
871 2452 1277 2524 intelligendum
1298 2459 1382 2507 est
1401 2461 1461 2506 ut
1479 2466 1573 2520 per
1593 2466 1789 2506 manus

206 2544 618 2619 impositioncm
668 2544 1004 2600 reconciliati
1055 2544 1219 2599 etiam
1271 2543 1518 2597 ordinem
1556 2541 1791 2597 retinere

206 2636 674 2705 permitterentur.
708 2636 828 2690 Non
859 2636 1005 2690 enim
1036 2637 1127 2690 hic
1169 2635 1560 2689 ordinatoriam
1596 2650 1791 2689 manus

206 2727 644 2798 impositionem,
681 2745 777 2799 per
820 2743 985 2798 quam
1022 2727 1164 2781 sacri
1213 2726 1433 2780 ordines
1457 2727 1676 2792 dantur,
1708 2725 1792 2779 in—

207 2823 456 2893 telligere
485 2821 767 2887 debemus,
805 2820 899 2874 sed
938 2819 1119 2889 potius
1146 2818 1660 2883 reconciliatoriam,
1697 2832 1793 2885 per

207 2928 379 2982 quam
415 2913 743 2983 pmnitentes
773 2911 1013 2981 recipere
1054 2911 1313 2965 solemus.
1354 2906 1491 2961 Nam
1533 2923 1642 2960 non
1680 2920 1793 2961 uno

208 3021 430 3075 semper
471 3005 635 3058 modo
671 3018 866 3058 manus
891 2990 1184 3072 limpositio
1221 3000 1556 3071 intelligitur,
1609 2999 1703 3053 sed
1741 3008 1795 3054 et

207 3115 314 3171 pro
357 3099 673 3154 diversitate
718 3098 965 3153 locorum
1003 3096 1106 3151 sub
1146 3096 1361 3150 diversa
1400 3092 1793 3164 signiﬁcatione

209 3191 509 3262 reperitur.
525 3190 831 3260 Aliquando
851 3188 997 3243 enim
1020 3202 1120 3257 pro
1131 3184 1547 3241 conﬁrmatione
1563 3184 1796 3256 ne0phy-

209 3285 399 3337 torum
432 3283 728 3353 accipitur,
751 3291 809 3336 ut
835 3282 888 3336 in
917 3279 1149 3357 decretis
1192 3264 1616 3349 apostolicorum
1644 3278 1795 3331 viro-

212 3391 362 3441 rum,
384 3374 702 3439 Clementis,
716 3368 1273 3438 Urbani,Melchiadis
1291 3383 1610 3439 expressum
1631 3382 1799 3438 saepe:

212 3482 450 3521 numero
479 3466 780 3536 reperitur;
814 3480 991 3532 nunc,
1034 3478 1133 3533 pro
1169 3461 1509 3516 ordinatione
1540 3458 1797 3515 sacerdo-

215 3566 334 3613 tum
355 3601 371 3625 ,
406 3560 521 3613 sive
551 3558 943 3622 diaconorum,
969 3556 1126 3625 juxta
1157 3553 1287 3607 illud
1314 3552 1560 3622 Apostoli
1603 3550 1670 3607 ad
1703 3548 1797 3603 Ti-

214 3642 500 3705 mOtheum
527 3667 541 3703 :
562 3668 581 3701 ι
601 3648 935 3705 Neminicito
948 3662 1170 3702 manum
1197 3646 1448 3715 imponas
1462 3642 1516 3714 (Ι
1532 3643 1665 3697 Tim.
1685 3644 1761 3715 v);
1776 3661 1793 3694 ι

215 3742 367 3812 quod
387 3749 442 3797 et
468 3756 708 3798 canones
746 3741 1086 3812 apertissime
1112 3738 1492 3809 praescribunt.
1526 3737 1623 3792 Est
1644 3746 1698 3791 ιι
1717 3752 1802 3791 re-

215 3834 595 3890 conciliator-ia
618 3849 816 3889 manus
842 3832 1140 3903 impositio,
1168 3846 1265 3900 per
1285 3846 1449 3899 quam
1477 3829 1803 3899 poenitentes

216 3925 491 3991 heretici,
552 3925 667 3980 sive
717 3922 1210 3987 excommunicati,
1265 3929 1468 3976 sancta:
1549 3919 1805 3975 Ecclesia:

216 4017 680 4083 reconciliantur;
713 4016 781 4072 de
829 4032 937 4086 qua
978 4022 1034 4069 et
1060 4026 1301 4068 canones
1336 4010 1589 4067 similiter
1632 4013 1803 4091 multa

216 4110 414 4165 dicunt
437 4118 493 4164 et
519 4110 588 4163 de
607 4124 717 4179 qua
745 4107 806 4162 B.
832 4104 1268 4179 Augustinus,in
1294 4103 1388 4157 lib.
1417 4119 1476 4156 ιιι
1502 4101 1576 4156 De
1598 4101 1802 4171 baptis-

206 4208 536 4280 ‘mofcontra
558 4201 895 4266 Donatistas,
915 4206 1144 4254 testatur
1162 4196 1307 4267 quod
1329 4194 1461 4248 nihil
1477 4194 1547 4249 sit
1567 4193 1807 4249 nisiora—

218 4295 302 4348 tio
338 4309 505 4363 super
525 4292 828 4360 hominem,
855 4306 979 4362 quae
1005 4298 1059 4345 et
1084 4287 1271 4343 iterari
1306 4287 1497 4357 possit.
1534 4284 1620 4340 Fit
1642 4285 1805 4340 etiam

219 4402 424 4441 manus
453 4366 735 4455 impositio
768 4399 931 4454 super
964 4379 1420 4450 inﬁrmos,juxta
1461 4378 1592 4432 illud
1632 4375 1809 4432 Evan-

221 4480 347 4551 gelii
378 4497 392 4533 :
424 4499 443 4529 ι
482 4477 659 4549 Super
691 4491 866 4548 aegros
887 4488 1086 4530 manus
1110 4474 1391 4543 imponent
1412 4470 1755 4542 (Harant).
1779 4489 1798 4522 ι
1836 4465 1882 4519 D

222 4580 358 4634 Item
390 4594 555 4649 super
585 4577 1011 4632 catechumenos
1045 4581 1101 4628 et
1146 4586 1544 4643 energumenos
1576 4585 1677 4642 pro
1711 4586 1810 4624 ex-

223 4673 480 4742 pulsione
500 4668 734 4734 diaboli,
766 4684 889 4737 quae
914 4664 1219 4737 specialiter
1247 4662 1537 4718 exorcistis
1575 4662 1630 4715 in
1661 4661 1811 4716 ordi-

224 4763 545 4820 nationibus
568 4760 909 4825 conceditur,
933 4758 1132 4828 quippe
1155 4747 1214 4811 ut
1236 4756 1469 4811 habeant
1490 4760 1810 4824 potestatem

1880 530 2027 585 aliud
2065 532 2174 586 nisi
2212 534 2390 589 oratio
2420 550 2586 604 super
2606 533 2886 589 hominem
2925 534 3281 607 intelligitur;
3322 540 3466 595 unde

1877 626 1932 674 et
1954 621 2135 676 iterari
2156 625 2370 693 quoties
2392 640 2617 679 necesse
2638 624 2804 680 fuerit
2831 641 2939 680 non
2965 626 3302 695 prohibetur.
3327 628 3463 684 Cum

1878 727 2009 767 vero
2048 730 2147 783 pro
2193 716 2609 769 conﬁrmatione
2636 717 2720 770 vel
2751 717 3097 771 ordinatione
3137 717 3466 788 impenditur

1880 820 1991 859 non
2025 805 2139 874 jam
2184 821 2284 875 pro
2330 807 2445 860 sola
2486 808 2755 873 oratione,
2797 809 2891 862 sed
2938 808 3104 862 etiam
3139 824 3239 877 pro
3281 824 3467 865 saera-

1881 906 2064 951 mento
2093 897 2342 952 habenda
2378 906 2493 965 est;
2536 898 2683 969 quod
2709 898 2882 953 sancti
2912 898 3101 953 Patres
3127 899 3313 953 iterari
3334 914 3465 969 pro—

1881 988 2195 1043 hibuerunt.
2238 987 2376 1043 Nam
2419 1006 2530 1043 non
2561 990 2744 1044 minus
2770 999 3045 1060 peccatur,
3076 989 3123 1044 si
3151 990 3239 1044 cui
3270 987 3466 1046 inanus

1882 1095 1982 1149 pro
2018 1080 2432 1135 conﬁrmatione
2479 1080 2565 1135 vel
2615 1081 2956 1136 ordinatione
2998 1081 3195 1135 iterum
3237 1080 3467 1151 imponi-

1883 1179 1991 1238 tur,
2024 1188 2188 1241 quam
2221 1173 2267 1227 si
2310 1173 2481 1226 altera
2509 1172 2626 1227 vice
2646 1172 2970 1242 baptizetur.
3014 1170 3169 1227 Unde
3201 1180 3258 1226 et
3290 1171 3466 1227 sancti

1882 1262 2074 1319 Patres
2114 1264 2358 1319 eamdem
2389 1263 2766 1334 puenitentiam
2810 1264 3205 1320 reconﬁrmatis
3226 1272 3281 1317 et
3308 1264 3467 1318 reba—

1882 1355 2099 1425 ptizatis
2136 1355 2397 1410 indixisse
2432 1355 2707 1427 leguntur.
2743 1353 2978 1410 Sanctus
3016 1371 3235 1427 quoque
3263 1354 3468 1425 Grego-

1884 1447 2001 1502 rius
2040 1447 2285 1502 scribens
2322 1446 2520 1502 Joanni
2550 1430 2807 1517 episc0po
2837 1446 3141 1501 Ravennati
3172 1463 3185 1499 :
3232 1465 3251 1497 ι
3292 1444 3465 1512 Sicut,

1884 1537 2082 1608 inquit,
2110 1538 2277 1592 semel
2298 1538 2604 1607 baptizatus
2634 1537 2831 1592 iterum
2863 1536 3126 1607 baptizari
3151 1551 3260 1590 non
3286 1537 3465 1602 debet,

1885 1629 1959 1684 ita
2011 1631 2179 1689 semel
2221 1620 2573 1684 consecratus
2631 1629 2686 1682 in
2733 1630 2924 1684 eodem
2967 1628 3144 1683 ordini
3180 1642 3289 1682 non
3326 1627 3469 1681 valet

1885 1720 2084 1775 iterum
2130 1720 2460 1775 consecrari.
2494 1739 2513 1770 ι
2569 1718 2721 1785 Item,
2775 1719 3094 1774 Africanum
3154 1718 3467 1787 concilium,

1889 1828 2008 1882 cap.
2035 1810 2121 1877 75,
2148 1810 2399 1882 prohibet
2429 1810 2887 1880 rebaptizationes
2905 1818 2961 1865 ct
2999 1809 3465 1872 reordinationes;

1889 1904 2018 1959 item
2056 1918 2296 1959 canones
2332 1902 2703 1974 apostolorum
2753 1921 2767 1957 :
2823 1921 2841 1954 (
2888 1901 2945 1957 Si
2983 1901 3142 1973 quis.
3188 1900 3465 1971 inquiunt,

1888 1996 2199 2066 episcopus,
2228 1995 2527 2067 presbyter,
2552 1995 2816 2050 diaconus
2838 1994 3133 2050 secundam
3157 2009 3351 2047 manus
3372 1992 3470 2046 im-

1890 2087 2217 2160 positionem
2267 2088 2569 2165 acceperit,
2616 2087 2921 2158 deponatur
2951 2086 3067 2156 ipse
3106 2094 3161 2139 et
3189 2085 3470 2139 ordinatur

1890 2183 2030 2253 ejus.
2082 2201 2100 2249 ι
2154 2180 2212 2236 Si
2250 2181 2378 2251 quis
2407 2191 2588 2235 autem
2643 2180 2773 2234 huic
2815 2178 2979 2248 capiti
3018 2177 3203 2231 minus
3260 2175 3468 2242 credit,

1890 2276 2018 2346 quia
2046 2273 2179 2328 illud
2218 2274 2361 2329 inter
2403 2287 2642 2327 canones
2670 2271 3040 2340 apostolorum
3070 2269 3212 2339 apud
3236 2284 3338 2323 nos
3359 2282 3471 2321 non

1891 2367 2113 2437 reperit,
2134 2365 2275 2422 scire
2302 2364 2462 2419 debet
2493 2362 2638 2433 quod
2669 2361 2985 2416 eorumdem
3010 2375 3280 2414 canonum
3303 2358 3474 2413 multa

1892 2459 2070 2527 capita
2116 2458 2275 2514 nobis
2312 2456 2527 2510 desunt.
2569 2451 2704 2508 Nam
2740 2454 2930 2508 beatus
2973 2451 3308 2522 Zepherinus
3336 2465 3474 2520 papa

1892 2551 1948 2606 in
1985 2552 2177 2607 ordine
2208 2566 2324 2615 xvi,
2372 2548 2647 2618 apostolos
2675 2545 3017 2616 septuaginta
3069 2558 3308 2599 canones
3338 2552 3473 2597 con-'-

1893 2646 2137 2701 stituissc
2193 2649 2455 2706 testatur;
2511 2653 2747 2709 quorum
2802 2634 3200 2706 quinquaginta
3254 2641 3471 2687 tantum

1891 2740 2133 2797 Isidorus
2181 2736 2238 2791 in
2284 2735 2511 2804 prologo
2545 2747 2646 2787 suo
2686 2732 2754 2786 de
2782 2729 3087 2784 canonibus
3115 2743 3174 2782 se
3201 2726 3476 2781 invenisse

1893 2830 2116 2895 fatetur,
2137 2828 2335 2898 quibus
2355 2835 2409 2880 et
2434 2840 2534 2879 nos
2557 2823 2780 2879 utimur.
2799 2821 2996 2876 Petrus
3018 2828 3199 2873 tamen
3225 2817 3474 2872 Damiani

1893 2922 1997 2990 pia:
2026 2919 2324 2983 memoria),
2361 2913 2654 2971 cardinalis
2674 2914 2963 2982 episcopus
2990 2918 3192 2964 sancta:
3214 2908 3477 2965 Romana:

1895 3010 2173 3074 Ecclesiae,
2201 3010 2337 3063 alter
2366 3006 2725 3077 Ilieronymus
2746 3005 2799 3058 in
2828 3011 3016 3057 nostro
3041 3010 3309 3071 tempore,
3338 3016 3478 3070 prae-

1820 3128 1862 3185 C
1894 3103 2101 3159 dictum
2138 3110 2303 3172 caput
2334 3098 2637 3155 canonibus
2687 3094 3061 3166 apostolorum
3096 3091 3392 3147 attitulavit
3419 3091 3477 3146 in

1897 3193 2037 3248 libro
2062 3206 2163 3248 suo
2183 3206 2344 3261 quem
2375 3187 2758 3244 Gratissimum
2792 3184 3218 3255 cognominavit.

1968 3283 2143 3355 Ergo,
2170 3282 2316 3343 quod
2347 3280 2400 3335 in
2437 3277 2659 3334 Nicaeno
2692 3261 2927 3333 concilio
2955 3276 3172 3331 clericis
3215 3273 3477 3330 Novatia-

1898 3392 2096 3433 norum
2128 3388 2407 3430 conversus
2434 3387 2629 3426 manus
2660 3368 2866 3439 Imponi
2895 3368 3137 3437 jubetur,
3168 3367 3481 3421 nullatenus

1900 3465 2236 3524 ordinatoria
2269 3479 2466 3518 manus
2514 3461 2792 3531 impositio
2824 3459 3170 3529 intelligenda
3199 3465 3303 3525 est,
3339 3458 3482 3513 sicut
3538 3508 3547 3517 ,

1901 3560 2126 3632 quidam
2157 3556 2516 3612 translator-es
2546 3554 2794 3624 ejusdem
2844 3551 3064 3607 concilii
3111 3550 3295 3605 minus
3328 3548 3480 3605 cauti

1902 3651 2231 3707 intellexisse
2253 3649 2521 3714 videntur,
2548 3646 2643 3716 qui
2676 3645 2897 3700 eosdem
2925 3644 3124 3699 iterum
3148 3641 3483 3697 ordinandos
3534 3702 3537 3705 _

1903 3742 2241 3812 interpretati
2272 3748 2422 3795 sunt.

1973 3833 2085 3888 Nos
2122 3842 2303 3888 autem
2333 3830 2513 3900 potius
2547 3828 2608 3883 Β.
2638 3826 2954 3883 Innocentio
2983 3841 3136 3896 papae
3164 3825 3483 3889 credamus,

1904 3927 1999 3995 qui
2032 3926 2098 3980 de
2127 3924 2331 3979 eisdem
2378 3919 2695 3974 Novatianis
2725 3927 2988 3983 tractans,
3025 3931 3137 3971 non
3166 3924 3226 3970 ut
3273 3914 3485 3970 reordi-

1905 4024 2203 4079 narentur,
2240 4013 2335 4068 sed
2389 4019 2447 4066 ut
2500 4026 2627 4065 cum
2677 4010 2870 4063 ordine
2919 4022 3020 4062 suo
3081 4002 3517 4076 reciperentur,‘

1906 4106 2102 4164 asserit
2129 4104 2378 4158 Nictenos
2400 4101 2589 4154 Patres
2617 4098 2989 4155 constituisse.
3015 4095 3093 4150 Ita
3116 4103 3172 4150 et
3218 4111 3322 4151 nos
3350 4108 3490 4162 quo-

1906 4216 2012 4271 que
2034 4195 2345 4253 necessario
2387 4191 2686 4261 intelligere
2715 4191 2999 4254 debemus,
3029 4202 3103 4241 ne
3152 4185 3356 4241 sanctis
3382 4182 3491 4236 Pa-

1907 4291 2081 4345 tribus
2103 4284 2378 4342 adversari
2404 4282 2686 4336 videamur
2702 4280 2795 4350 qui
2816 4276 3248 4333 reordinationes
3273 4273 3490 4344 penitus

1908 4380 2370 4454 proscripserunt,
2404 4384 2464 4430 ut
2490 4373 2914 4444 praelibavimus.

1980 4512 2261 4583 Nusquam
2299 4525 2432 4565 sane
2489 4508 2665 4565 sancti
2700 4506 2890 4562 Patres
2935 4504 3163 4561 clericos
3205 4520 3271 4559 ex
3296 4502 3494 4557 hzcrcsi

1912 4619 2205 4661 conversos
2236 4603 2432 4657 iterum
2462 4598 2703 4654 ordinari
2734 4597 3121 4669 permiserunt,
3146 4595 3251 4650 nisi
3277 4593 3497 4648 Paulia—

1914 4698 2089 4754 nistas
2133 4705 2187 4751 et
2213 4696 2351 4750 alios
2394 4693 2711 4763 hujusmodi
2758 4690 2850 4762 qui
2881 4707 2991 4744 non
3026 4690 3297 4744 catholico
3343 4695 3499 4740 more

1914 4791 2311 4851 invocationem
2327 4803 2385 4843 sa
2394 4783 2819 4840 nctzeTrinitatis
2832 4782 3058 4848 faciunt,
3072 4798 3212 4851 quos
3223 4781 3387 4837 etiam
3402 4778 3501 4831 ba—

1912 4882 2109 4954 ptizari
2158 4881 2461 4951 jusserunt.
2491 4875 2599 4932 Nec
2648 4878 2754 4932 hos
2792 4875 2982 4946 utique
3032 4871 3378 4928 reordinatos
3420 4867 3505 4922 vel

1915 4974 2280 5045 rebaptizatos
2311 4976 2686 5040 competenter
2710 4968 2968 5034 dicimus,
2997 4981 3122 5020 cum
3149 4965 3207 5020 in
3240 4960 3508 5021 catholica

1918 5082 2018 5121 nec
2047 5081 2147 5136 pro
2172 5066 2448 5138 baptismo
2478 5075 2578 5114 nec
2613 5077 2716 5131 pro
2756 5059 3102 5114 ordinatione
3140 5060 3512 5128 computetur,

2112 5157 2319 5196 σιιιεηιιο
2355 5152 2705 5196 invnmtimm
2753 5160 2959 5196 ermotum.
3012 5148 3301 5196 Trinitatis
3335 5156 3494 5196 nercc

227 4854 546 4927 imponendi
584 4868 783 4909 manus
809 4867 973 4920 super
1002 4849 1425 4904 catechumenos
1454 4846 1567 4901 sive
1590 4861 1815 4915 energu—

227 4964 443 5003 menos.
482 4945 641 5011 Item,
677 4952 731 4999 et
766 4960 893 4999 cum
917 4940 1235 5012 simpliciter
1261 4940 1497 5009 aliquem
1540 4935 1816 4992 benedici-

228 5055 373 5106 mus,
403 5052 606 5093 manus
630 5035 681 5090 ei
720 5035 946 5104 antiquo
984 5047 1138 5087 more
1160 5030 1513 5099 imponimus.
1547 5026 1639 5082 Sic
1666 5027 1815 5083 enim

227 5129 546 5196 patriarcha
595 5126 784 5193 iiawb,
814 5142 938 5181 cum
995 5124 1135 5180 ﬁlios
1190 5121 1389 5192 Joseph
1444 5119 1818 5188 benediceret,

1920 5159 2062 5196 nranal
