3986 5312
467 297 596 358 H91

1429 297 1514 352 AD
1550 295 1781 352 OPERA
1823 295 1880 351 S.
1918 295 2249 352 GRECORII
2287 295 2726 352 APPENDICES.

3605 291 3732 347 H93

463 413 617 485 papa:
636 409 862 472 Leonis.
916 432 934 464 ε
988 410 1201 476 Omnis,
1249 409 1459 482 inquit,
1495 386 1791 481 cujuslibet
1841 410 2050 466 ordinis
2079 416 2125 472 Α
2152 407 2474 476 Ecclesium,
2505 425 2602 480 per
2637 407 2950 465 chrismatis
3001 409 3314 464 unctionem
3344 407 3544 480 procul
3577 408 3734 462 dubio

463 503 722 575 clericus,
753 505 846 577 qui
873 503 1196 560 catholicam
1217 501 1495 566 deserens,
1517 501 1786 556 haeretica:
1821 517 1878 555 se
1899 501 2049 556 comé

464 594 717 654 'muuioni
744 594 1044 660 miscuerit,
1071 593 1118 648 si
1144 593 1212 647 ad
1237 589 1539 647 Ecelesiam
1577 605 1832 646 reversus
1862 590 2047 656 fuerit,

463 695 520 740 et
576 689 726 758 prius
774 701 988 741 errores
1043 699 1194 751 suos,
1247 691 1302 738 et
1351 681 1500 752 ipsos
1559 689 1814 737 auctores
1847 681 2050 736 erroris

464 778 756 838 damnatos
787 794 818 832 a
853 793 910 832 se
933 777 1052 832 sine
1079 775 1434 845 ambiguitate
1460 773 1749 829 confessus
1774 771 1969 838 fuerit,
1994 772 2049 826 in

468 887 534 926 eo
581 871 751 941 gradu
796 870 852 924 in
877 883 988 938 quo
1031 875 1149 922 erat
1178 867 1296 921 sine
1329 865 1676 936 promotione
1712 872 2046 935 permaneat.

467 959 601 1016 item
637 979 649 1016 :
685 959 745 1014 In
769 959 963 1016 hzeresi
983 959 1268 1014 ordinatus
1289 973 1410 1026 qua:
1433 964 1612 1010 tamen
1633 956 1688 1009 in
1722 955 1825 1009 [ide
1850 963 2052 1010 sanctae

469 1051 758 1107 Trinitatis
793 1067 904 1106 non
941 1050 1226 1115 erraverit,
1259 1064 1382 1104 cum
1415 1046 1607 1103 ordine
1655 1046 1823 1116 recipi
1850 1055 2049 1116 potest,

471 1145 518 1200 si
539 1159 759 1199 necesse
788 1141 971 1208 fuerit,
1009 1150 1068 1196 ut
1094 1140 1380 1195 Novatiani
1415 1147 1470 1193 et
1491 1137 1806 1192 Donatistae.
1840 1157 1857 1188 ι
1889 1136 2052 1191 Οτίὶὶιο

471 1242 632 1288 natus
662 1243 843 1289 autem
885 1233 1028 1302 apud
1061 1231 1346 1286 htereticos
1371 1229 1464 1298 qui
1498 1228 1553 1282 in
1584 1228 1689 1282 fide
1715 1237 1903 1282 errant
1927 1243 2054 1282 san—

469 1333 571 1378 ctae
595 1321 898 1388 Trinitatis,
924 1321 1026 1376 etsi
1048 1333 1274 1390 quoquo
1303 1317 1466 1372 modo
1493 1320 1614 1386 ejus
1651 1315 2050 1370 invocationem

471 1413 692 1479 faciant,
723 1421 785 1466 ut
809 1411 1016 1476 Ariani,
1044 1424 1388 1479 nequaquam
1419 1421 1541 1461 cum
1574 1405 1765 1460 ordine
1791 1405 2054 1475 recipien-

471 1501 575 1556 dus
607 1509 692 1555 est
711 1499 793 1554 vel
817 1499 1071 1566 deinceps
1118 1495 1484 1559 ordinandus,
1512 1493 1670 1564 juxta
1693 1494 2053 1548 assertionem

472 1592 651 1647 sancti
689 1589 988 1644 Innocentii
1015 1602 1198 1658 papae,
1233 1585 1328 1656 qui
1363 1585 1428 1640 de
1451 1585 1538 1640 his
1567 1592 1766 1640 tractat
1791 1583 2054 1654 copiosis-

473 1683 630 1738 sime.

543 1772 649 1826 Sed
678 1772 858 1826 ethoc
907 1767 1234 1824 fraternitati
1254 1775 1451 1822 vestrae
1495 1779 1608 1820 non
1634 1765 1908 1836 ingratum
1935 1765 2054 1820 fore

472 1874 753 1936 putamus,
782 1864 826 1919 si
854 1872 908 1918 et
935 1863 1003 1918 de
1027 1861 1348 1917 multimoda
1384 1859 1765 1916 haereticorum
1811 1859 2053 1914 reconci-

473 1957 695 2011 liatione
719 1955 1045 2011 sententiam
1077 1954 1251 2010 sancti
1281 1953 1532 2026 Gregorii
1569 1967 1722 2024 papae
1748 1951 1908 2022 primi
1931 1950 2056 2006 sub-

474 2058 757 2112 nectamus
785 2048 878 2119 qui
895 2047 1163 2118 episcopis
1193 2045 1467 2101 Hibernia:
1489 2043 1805 2112 Quirino'et
1828 2043 2054 2112 reliquis

475 2141 740 2206 scribens,
773 2139 846 2194 ita
881 2146 1116 2194 testatur
1139 2137 1254 2207 (lib.
1295 2153 1372 2204 Ix,
1399 2137 1513 2190 ind.
1539 2137 1594 2203 4,
1621 2151 1703 2206 ep.
1729 2134 1819 2206 6i)
1847 2153 1862 2190 :
1922 2154 1941 2188 ι
1972 2133 2054 2189 Ab

476 2232 701 2302 antiqua
748 2231 970 2286 Patrum
1006 2229 1348 2284 institutione
1383 2229 1676 2283 didicimus
1702 2235 1764 2282 ut
1788 2227 1882 2298 qui
1911 2227 2055 2296 apud

477 2323 729 2378 haeresim
760 2323 815 2376 in
845 2321 1130 2376 Trinitatis
1177 2321 1398 2375 nomine
1433 2317 1796 2390 baptizantur,
1821 2334 1945 2373 eum
1983 2318 2057 2374 ad

477 2419 726 2466 sanctam
757 2409 1056 2466 Ecclesiam
1098 2410 1346 2476 redeunt,
1385 2416 1480 2463 aut
1509 2412 1768 2464 unctione
1796 2407 2058 2464 chrisma.

478 2504 574 2569 tis,
626 2510 723 2558 aut
766 2501 1117 2572 impositione
1163 2516 1380 2566 manus,
1431 2507 1526 2556 aut
1571 2501 1687 2555 sola
1718 2498 2058 2571 professione

482 2593 607 2648 fidei
667 2593 735 2648 ad
786 2593 970 2648 sinum
1015 2593 1206 2648 matris
1240 2591 1502 2648 Ecclesize
1525 2600 1868 2648 revocentur.
1903 2589 2057 2647 Unde

481 2684 715 2740 Arianos
738 2699 834 2756 per
855 2684 1260 2754 impositionem
1289 2699 1485 2740 manus
1514 2681 1802 2751 Occidens,
1833 2697 1931 2754 per
1953 2699 2058 2738 un-

477 2776 716 2831 ctionem
739 2790 869 2831 vero
899 2775 1076 2831 sancti
1107 2775 1421 2831 chrismatis
1441 2774 1509 2830 ad
1542 2774 1848 2845 ingressum
1873 2773 2058 2829 Eccle-

477 2867 576 2923 sia:
607 2866 889 2922 catholicae
934 2865 1130 2922 Oriens
1164 2865 1440 2922 reformat.
1481 2865 1890 2937 Menophysitas
1929 2879 2057 2919 vero

475 2968 532 3015 et
553 2957 690 3013 alios
711 2973 779 3013 ex
799 2957 1055 3028 solaivera
1066 2956 1411 3013 confessione
1424 2957 1636 3028 recipit,
1657 2957 1787 3027 quia
1804 2965 2054 3012 sanctum

481 3043 772 3119 baptisma,
801 3050 950 3120 quod
978 3059 1106 3105 sunt
1133 3050 1202 3104 ab
1229 3049 1496 3105 hatreticis
1522 3048 1825 3116 consecuti,
1845 3056 1975 3103 tunc
2000 3047 2054 3102 in

480 3141 562 3196 eis
590 3140 739 3196 vires
761 3141 1157 3198 emendationis
1185 3141 1398 3212 recipit,
1430 3155 1556 3196 cum
1593 3141 1676 3195 vel
1709 3140 1812 3211 ipsi
1834 3147 1930 3210 per
1957 3139 2058 3193 imo

478 3231 806 3300 positionem
829 3225 1026 3287 manus
1049 3231 1310 3302 Spiritum
1336 3240 1585 3287 sanctum
1609 3231 1948 3300 acceperint;
1973 3230 2057 3283 vel

481 3321 593 3387 isti,
614 3330 836 3392 propter
855 3322 1252 3392 professionem
1276 3322 1400 3378 ﬁdei
1421 3331 1622 3378 sanctae
1656 3331 1709 3376 et
1727 3321 2059 3376 universalis

481 3409 739 3467 Ecclesia:
776 3411 1079 3466 visceribus
1108 3407 1312 3466 fuerint
1353 3413 1528 3467 uniti.-
1558 3411 1622 3466 lli
1654 3407 1782 3466 vero
1820 3411 2058 3467 haeretici

481 3503 579 3571 qui
605 3503 660 3555 in
697 3501 982 3556 Trinitatis
1015 3503 1235 3557 nomine
1260 3504 1484 3559 minime
1513 3504 1880 3574 baptiza’ntur,
1919 3502 2060 3558 sicut

483 3593 783 3648 Bonosiani
813 3601 868 3649 et
886 3583 1263 3666 Cataphrygae,
1296 3595 1422 3665 quia
1443 3605 1499 3649 et
1531 3595 1609 3649 illi
1633 3595 1915 3650 Christum
1947 3593 2058 3650 Do-

481 3688 693 3742 minum
723 3703 834 3743 non
869 3688 1117 3753 credunt,
1149 3698 1202 3743 et
1230 3689 1317 3744 isti
1348 3699 1598 3744 sanctum
1640 3689 1900 3760 Spiritum
1932 3705 2059 3760 per-

485 3795 650 3834 verso
682 3795 845 3835 sensu
870 3789 992 3837 esse
1015 3781 1306 3850 quemdam
1343 3797 1570 3851 pravum
1601 3782 1875 3837 hominem
1909 3781 2062 3837 Mon—

481 3877 672 3922 tanum
706 3869 954 3934 credunt,
985 3885 1220 3939 quorum
1262 3870 1468 3926 similes
1515 3871 1670 3926 multi
1699 3880 1853 3938 sunt;
1880 3881 1935 3927 et
1967 3872 2061 3927 alii

481 3961 640 4026 tales,
663 3977 786 4016 cum
819 3961 887 4016 ad
918 3956 1486 4018 sanctam'Ecclesiam
1515 3964 1758 4030 veniunt,
1785 3964 2063 4034 baptizan-

479 4063 591 4120 tur,
623 4053 749 4122 quia
773 4053 1104 4123 baptismum
1133 4068 1242 4109 non
1276 4053 1396 4121 fuit,
1419 4054 1565 4125 quod
1590 4055 1643 4109 in
1669 4070 1855 4110 errore
1875 4055 2057 4126 positi,

479 4144 536 4198 in
580 4151 783 4200 sancta:
833 4144 1115 4201 Trinitatis
1159 4140 1378 4200 nomine
1408 4147 1630 4200 minime
1671 4156 2058 4216 perceperunt,

473 4244 586 4291 etc.
628 4234 732 4290 Sed
761 4243 814 4290 et
853 4250 980 4301 eos,
1027 4249 1168 4306 quos
1215 4235 1455 4291 Judaica:
1507 4236 1744 4306 perﬁdia:
1773 4236 1967 4291 similis
1993 4237 2061 4291 de

481 4326 760 4396 nnigenito
785 4325 924 4380 Filio
945 4327 1216 4381 haereseos
1236 4342 1390 4381 error
1415 4327 1692 4393 obscurat,
1712 4327 1779 4382 ad
1812 4337 2060 4382 sanctam

2151 501 2508 556 confirmandi
2536 508 2684 574 sunt,
2716 509 2778 554 ut
2797 500 2991 570 reliqui
3010 497 3338 566 Christiani;
3367 499 3503 568 quia
3525 498 3633 552 hoc
3655 513 3736 553 sa-

2151 597 2488 646 cramentum
2520 607 2552 647 a
2581 591 2732 646 nullo
2765 601 2850 646 est
2875 591 3272 662 negligendum.
3311 589 3618 646 Sciendum
3647 603 3738 643 au-

2152 689 2262 736 tem
2305 697 2415 736 non
2448 699 2542 753 per
2563 682 2808 738 eamdem
2861 698 3058 738 manus
3112 681 3530 753 impositionem
3569 680 3740 735 susci-

2151 773 2378 844 piendos
2407 790 2503 830 eos
2537 775 2632 846 qui
2667 775 2809 844 apud
2853 775 3138 830 haereticos
3185 774 3448 844 baptizati
3497 780 3651 838 sunt,
3691 781 3744 827 et

2151 879 2246 918 eos
2270 865 2364 934 qui
2395 865 2449 918 in
2471 865 2734 920 catholica
2768 864 3022 934 baptizati
3048 873 3237 936 postea
3257 863 3315 917 in
3337 861 3600 918 haeresim
3621 877 3742 930 pro-

2153 956 2291 1027 lapsi
2325 966 2472 1011 sunt.
2508 955 2661 1012 Unde
2684 956 2743 1010 Β.
2771 955 3002 1028 Vigilius
3034 971 3174 1026 papa
3202 956 3455 1010 scribens
3480 952 3742 1006 Eleuthe—

2153 1050 2237 1104 rio
2263 1049 2561 1121 episcopo:
2604 1068 2623 1100 ι
2653 1048 2880 1116 Eorum,
2930 1047 3127 1119 inquit,
3174 1047 3608 1118 baptizatorum,
3654 1043 3744 1113 qui

2155 1141 2349 1196 iterum
2373 1141 2514 1212 apud
2567 1140 2802 1196 Arianos
2855 1139 3114 1210 baptizati
3175 1146 3324 1204 sunt,
3363 1133 3744 1192 reconciliatio

2153 1231 2236 1298 fit,
2262 1248 2373 1287 non
2393 1247 2488 1303 per
2507 1231 2660 1294 illam
2683 1247 2879 1285 manus
2901 1229 3306 1300 impositionem
3351 1242 3482 1298 qua:
3535 1241 3635 1296 per
3666 1225 3738 1277 in-

2153 1321 2492 1377 vocationem
2523 1319 2698 1374 sancti
2731 1317 2970 1388 Spiritus
2993 1325 3272 1387 operatur,
3307 1316 3406 1371 sed
3450 1330 3552 1385 per
3597 1313 3746 1366 illam

2154 1429 2262 1482 qua
2294 1411 2628 1482 poenitentiae
2677 1409 2892 1465 fructus
2920 1409 3220 1480 acquiritur
3255 1417 3310 1463 et
3354 1415 3567 1463 sancta:
3593 1421 3746 1462 como

2155 1497 2430 1556 muriionis
2464 1500 2735 1556 restitutio
2757 1501 3053 1570 perficitur.
3087 1517 3106 1552 ι
3148 1497 3302 1553 Unde
3325 1507 3380 1553 et
3419 1498 3474 1551 in
3498 1497 3745 1566 antiquis

2155 1592 2436 1648 ordinibus
2481 1591 2710 1647 diversa:
2761 1591 3036 1646 orationes
3073 1591 3142 1644 ad
3179 1588 3497 1660 hujusmodi
3547 1602 3745 1642 manus

2109 1722 2114 1726 ι
2155 1682 2534 1752 impositioncs
2557 1681 2978 1746 distribuuntur.
3002 1677 3137 1732 Nam
3175 1693 3298 1748 quae
3329 1693 3499 1748 super
3521 1665 3622 1730 eos
3662 1675 3745 1729 di-

2084 1751 2352 1827 Bcuntur
2385 1771 2478 1842 qui
2520 1770 2590 1825 ab
2636 1769 2905 1825 haereticis
2955 1768 3214 1838 baptizati
3267 1776 3416 1832 sunt,
3473 1764 3742 1836 Spiritum

2157 1871 2405 1920 sanctum
2431 1864 2487 1918 in
2513 1877 2608 1919 eos
2639 1863 2824 1917 venire
2850 1871 3071 1932 petunt;
3113 1877 3237 1932 qua)
3259 1869 3443 1915 autem
3471 1858 3742 1928 apostatis

2156 1937 2509 2010 redeuntibus
2543 1953 2950 2024 impenduntur,
2990 1952 3220 2024 gratiam
3251 1959 3465 2005 tantum
3491 1949 3743 2005 reconci—

2156 2042 2394 2099 liationis
2419 2043 2522 2098 sub
2543 2042 2859 2113 pmnitentia
2888 2041 2968 2097 eis
3004 2042 3296 2112 impetrare
3313 2039 3596 2094 videntur.

2226 2143 2268 2197 E
2291 2159 2616 2215 quacunque
2639 2142 2829 2200 haeresi
2857 2143 3085 2214 quilibet
3104 2149 3474 2207 convertatur,
3507 2155 3622 2195 non
3657 2147 3746 2196 est

2156 2232 2504 2308 recipiendus
2531 2236 2638 2292 nisi
2669 2236 2918 2307 abj'urata
2938 2244 2994 2290 et
3019 2234 3478 2290 anathematizata
3520 2231 3739 2288 haeresi.

2157 2327 2293 2384 Hinc
2318 2329 2662 2385 sanctissima
2695 2327 2968 2398 Ephesina
2996 2327 3258 2398 synodus,
3285 2342 3394 2380 una
3418 2325 3488 2379 de
3511 2341 3562 2378 ιν
3590 2323 3742 2394 prin-

2156 2421 2444 2492 cipalibus,
2472 2421 2538 2476 de
2590 2419 2843 2500 Nestorio
2878 2419 3158 2489 episcopo,
3199 2417 3293 2472 sed
3336 2415 3622 2480 baretico,
3668 2415 3744 2468 ita

2156 2514 2474 2570 constituit:
2521 2536 2538 2565 ι
2573 2507 2929 2582 Consequens
2955 2519 3060 2578 est,
3096 2509 3294 2580 inquit,
3320 2508 3368 2563 si
3419 2507 3744 2578 resipiscere

2157 2605 2412 2672 "volneris,
2440 2613 2500 2660 ut
2528 2603 2885 2675 jurejurando
2932 2601 3154 2657 fatearis
3216 2610 3272 2656 et
3313 2601 3744 2656 anathematizcs

2158 2705 2250 2751 tua
2278 2695 2480 2766 polluta
2521 2704 2575 2751 et
2609 2691 2837 2765 profana
2885 2693 3168 2764 dogmata;
3213 2690 3422 2747 sentias
3461 2698 3648 2744 autem
3691 2695 3745 2742 et

2155 2786 2354 2841 doceas
2387 2800 2508 2856 qum
2533 2800 2634 2840 nos
2665 2783 2932 2850 universi,
2966 2779 3064 2852 per
3101 2773 3378 2836 orientem
3424 2781 3543 2836 sive
3589 2777 3742 2835 Occi-

2155 2875 2373 2930 dentem
2416 2875 2658 2946 episcopi
2687 2883 2742 2939 e_t
2766 2872 3057 2946 magistri,
3109 2871 3370 2943 przesules
3411 2871 3742 2942 populomm

2157 2966 2429 3022 credimus
2453 2975 2506 3021 et
2527 2967 2808 3021 docemus.
2849 2984 2868 3016 ›
2901 2963 3041 3018 Hinc
3060 2965 3115 3018 in
3135 2964 3349 3019 actione
3366 2962 3622 3034 ejusdem
3656 2977 3743 3034 sy-

2160 3057 2289 3112 nodi
2318 3069 2438 3127 cap.
2467 3056 2535 3112 l5
2567 3056 2811 3127 ejusdem
2870 3053 3047 3110 forma
3073 3054 3371 3125 juramenti
3414 3051 3744 3125 exprimitur

2159 3149 2212 3202 in
2260 3149 2406 3202 hunc
2449 3146 2711 3202 modum:
2749 3164 2768 3198 ε
2809 3143 2924 3216 Ego
2963 3143 3265 3216 Hesychius
3305 3145 3457 3201 filius
3509 3143 3745 3200 Curialis

2159 3237 2828 3304 'l‘hcssaresczedecatites,
2865 3251 3167 3308 agnoscens
3214 3252 3397 3291 veram
3443 3236 3612 3291 ﬁdem
3656 3251 3744 3290 or-

2160 3329 2431 3385 thodoxize
2453 3338 2507 3384 et
2528 3329 2792 3384 accedens
2816 3329 2882 3384 ad
2908 3327 3309 3384 sanctissimam
3334 3335 3390 3381 et
3412 3327 3741 3382 catholicam

2158 3418 2480 3487 Ecclesium,
2505 3419 2908 3475 anathematizo
2929 3433 3145 3489 omnem
3168 3418 3446 3483 haeresim,
3471 3425 3528 3472 et
3571 3419 3742 3472 maxi-

2160 3527 2248 3570 me
2269 3513 3004 3570 Thessarescaedecatit'arum
3047 3513 3102 3567 in
3124 3528 3232 3583 qua
3267 3523 3428 3567 antea
3452 3513 3738 3576 errabam;

2160 3607 2433 3664 assentior
2456 3614 2636 3662 autem
2659 3605 2973 3676 prescriptre
3001 3603 3326 3674 expositioni
3358 3603 3654 3658 catholicae
3682 3601 3742 3656 ii-

2160 3699 2266 3765 dei,
2305 3699 2774 3754 anathematizans
2797 3713 2894 3754 eos
2929 3697 3023 3768 qui
3047 3711 3154 3752 non
3181 3697 3461 3750 celebrant
3489 3705 3742 3750 sanctum

2160 3789 2303 3844 diem
2324 3788 2566 3856 Pasehte,
2589 3789 2746 3859 juxta
2769 3803 2978 3844 morem
3011 3788 3292 3844 catholica:
3323 3797 3378 3845 et
3431 3789 3744 3858 apostolum

2162 3877 2438 3945 Ecclesiaa,
2477 3887 2530 3933 et
2576 3875 2703 3948 jure
2758 3894 2856 3949 per
2903 3887 3145 3933 sanctam
3184 3877 3455 3949 ὃμοονσισν
3498 3877 3741 3932 Trinita-

2163 3979 2296 4024 tem.
2325 3969 2388 4024 Et
2423 3970 2469 4026 si
2503 3968 2632 4040 quid
2666 3985 2733 4026 ex
2760 3969 2846 4026 his
2877 3969 3293 4036 labefactavero,
3325 3971 3511 4041 legum
3536 3970 3742 4025 severi-

2162 4059 2259 4113 tati
2310 4058 2620 4128 subjacebo.
2673 4058 2740 4114 Et
2779 4059 3104 4129 expositioni
3147 4059 3281 4113 mihi
3325 4059 3576 4114 recitata:
3612 4059 3742 4113 sub-

2162 4153 2356 4223 scripsi
2385 4167 2550 4208 manu
2587 4167 2729 4208 mea.
2769 4171 2788 4204 ι

2232 4252 2383 4308 lianc
2419 4252 2650 4308 formam
2681 4253 2978 4322 juramenti
3013 4261 3197 4309 sancta
3228 4251 3477 4308 Romana
3500 4252 3741 4310 Ecclesia

2160 4345 2226 4401 de
2248 4343 2517 4400 haereticis
2551 4344 2829 4399 conversis
2869 4345 3084 4414 exigere
3133 4344 3450 4412 consuevit;
3489 4345 3638 4401 hanc
3678 4346 3742 4401 de

478 4415 780 4484 Ecelesiam
804 4417 1105 4484 venientes,
1136 4417 1203 4472 de
1233 4433 1373 4473 verae
1414 4417 1536 4473 ﬁdei
1567 4419 1820 4474 ﬁrmitate
1841 4428 1896 4475 et
1921 4433 2054 4475 con-

2160 4435 2502 4505 Berengario,
2533 4449 2658 4489 cum
2681 4434 2877 4488 haeresi
2900 4448 3033 4499 sum,
3057 4433 3103 4488 si
3131 4449 3241 4488 non
3273 4434 3460 4500 corde,
3515 4449 3614 4490 ore
3658 4445 3737 4490 ta-

481 4507 716 4562 fessione
738 4508 965 4562 docendi
992 4517 1138 4564 sunt.
1188 4528 1205 4560 ι

552 4599 616 4655 Et
641 4597 944 4655 Orientales
975 4601 1194 4670 quidem
1225 4600 1432 4668 Patres,
1464 4616 1576 4657 non
1597 4602 1772 4657 solum
1800 4601 2052 4668 Arianos,

475 4690 576 4766 scd
609 4690 775 4744 etiam
802 4688 1153 4757 Novatianos,
1179 4691 1822 4750 Thessaresczedecatitas
1842 4703 1896 4749 et
1917 4693 2056 4749 Pho-

481 4781 718 4840 tinianos
733 4796 828 4851 per
843 4783 1154 4838 chrismatis
1172 4785 1482 4839 unctionem
1496 4785 1827 4855 recipiendos
1851 4795 2055 4842 statue-

480 4880 641 4938 runt,
687 4872 829 4927 sicut
881 4873 936 4928 in
971 4872 1292 4929 Laodice‘nsi
1332 4875 1583 4947 concilio‘
1612 4877 1828 4948 legitur.
1886 4877 2054 4933 Multo

480 4971 661 5017 tamen
703 4965 1101 5036 competentius
1129 4965 1505 5022 Occidentales
1532 4968 1847 5038 hujusmodi
1880 4971 2056 5024 ἣξει-θη

480 5055 619 5108 ticos
665 5055 871 5124 absque
921 5058 1234 5112 chrismatis
1287 5059 1544 5114 unctione
1589 5060 1922 5130 suscipiunt,
1989 5076 2058 5116 ne

481 5153 882 5190 sacramentum
907 5146 1334 5192 Pnnfirmnlinnic
1365 5151 1592 5192 itprnccn
1609 5141 2053 5194 midnnntnrnnm‘l

2160 4543 2284 4580 men
2315 4524 2966 4594 abrenuntiaret,acccpit
3017 4525 3340 4581 venerabilis
3389 4542 3531 4596 papa
3576 4525 3738 4582 Nico-

2159 4615 2280 4670 laus
2303 4615 2356 4670 in
2394 4615 2687 4670 universali
2711 4611 2942 4670 concilio
2969 4615 3153 4670 Romae
3177 4626 3528 4688 congregato.

2233 4706 2336 4761 Sed
2361 4721 2462 4760 nec
2484 4696 2862 4761 Schismaticos
2883 4714 3072 4762 sancta
3113 4704 3357 4762 Ecclesia
3389 4707 3598 4778 absque
3648 4725 3735 4764 sa-

2156 4797 2466 4855 tisfactione
2482 4797 2776 4866 juramenti
2805 4798 3046 4868 recipere
3077 4799 3382 4862 consuevit,
3409 4799 3572 4869 cujus
3622 4799 3733 4854 for-

2158 4905 2302 4944 mam
2335 4887 2394 4942 B.
2444 4887 2736 4958 Gregorius
2761 4889 2814 4942 in
2853 4886 3086 4958 Regesto
3112 4903 3213 4944 suo
3251 4891 3475 4960 reliquit
3515 4891 3572 4946 in
3621 4891 3734 4946 haec

2157 4978 2321 5032 verba
2353 4978 2455 5047 (ep.
2481 4977 2580 5043 ⁸10,
2607 4994 2689 5047 ep.
2725 4977 2782 5046 5)
2809 4997 2822 5031 :
2863 4997 2882 5027 ‹
2915 4977 3028 5050 Ego
3048 4978 3113 5033 N.
3140 4979 3392 5048 (1056-7)
3415 4975 3650 5036 civitatis
3671 4981 3735 5035 il-

2155 5068 2265 5122 lius
2296 5068 2602 5136 episcopus,
2629 5077 2910 5138 comperto
2939 5069 3226 5128 divisionis
3255 5073 3456 5144 laqueo
3497 5090 3607 5145 quo
3653 5083 3731 5128 te~

2157 5156 2327 5194 nnhgr
2369 5155 2575 5194 diutina
2598 5171 2811 5194 manum
2837 5159 3222 5194 dolilmmlinna
3242 5171 3581 5194 no-0-..“an
3613 5177 3728 5194 κιαι.
