3986 5312
623 150 766 212 H95

1615 150 1708 207 an
1743 151 1976 210 orm
2015 150 2074 208 s.
2110 151 2442 212 caseos"
2481 123 2928 216 annunerans.
3462 169 3508 184 κ

3752 159 3880 218 ἰικ

611 281 685 342 go
711 265 1025 324 mirandum
1057 266 1102 324 si
1122 280 1470 323 successores
1499 268 1872 337 apostolorum
1901 268 2088 340 aliqua
2107 268 2217 326 dis.
2242 273 2289 330 A
2313 270 2542 342 prologo
2588 288 2692 328 suo
2725 272 2795 328 de
2839 270 3174 340 canonibus,
3221 287 3282 330 se
3327 267 3536 330 asserit
3591 263 3880 344 invenisse;

583 359 931 430 pensatorie
951 358 1328 426 instituerunt,
1364 373 1488 429 qua:
1519 373 1716 416 eorum
1764 361 1992 430 posteri,
2025 369 2206 417 muta-

612 447 764 506 tione
799 447 1060 518 temporis
1098 447 1201 503 hoc
1227 449 1498 519 exigente,
1527 449 1922 506 rationabiliter
1955 452 2205 524 aliquan-

611 541 684 598 do
720 550 933 598 mutare
946 543 1031 597 vel
1045 542 1268 612 penitus
1293 543 1559 616 abrogare
1584 554 2008 602 consueverunt.

575 656 592 692 ι
678 635 946 705 Quartam
971 651 1102 694 vero
1131 639 1401 711 synodum
1423 639 1490 696 de
1517 640 1866 698 credentibus
1905 657 1974 697 ex
1999 639 2204 698 Iudaeis

609 729 684 786 ab
726 731 992 803 apostolis
1047 731 1252 790 factam
1301 733 1558 807 legimus.
1599 751 1728 796 cum
1801 751 1901 793 eos
1937 753 1969 793 a
2012 736 2204 810 legali-

609 819 714 877 bus
759 821 1104 880 caremoniis
1135 823 1520 894 prohiberent;
1549 835 1607 882 et
1642 827 1749 882 hoc
1798 842 1900 898 pro
1935 818 2204 884 abolenda

607 911 924 982 suspicione
952 915 1322 985 quorumdam
1349 915 1446 987 qui
1467 931 1565 974 eos
1583 917 1792 990 legales
1821 921 2202 990 creremonias,

605 1001 769 1074 quasi
814 1001 1215 1074 idololatriam,
1266 1021 1528 1078 respuere
1579 1010 1862 1080 putabant.
1913 1009 2024 1067 Has
2057 1027 2203 1082 qua-

605 1101 734 1148 tuor
770 1095 1010 1166 synodos
1039 1097 1274 1166 apostoli
1302 1095 1698 1172 Hierosolymis
1728 1101 2095 1171 celebrarunt,
2141 1109 2203 1158 ut

603 1183 744 1240 liber
781 1183 1019 1242 Actuum
1053 1187 1298 1258 ipsorum
1333 1188 1589 1248 intimare
1612 1192 1846 1249 videtur.
2151 1245 2156 1252 .

675 1273 936 1346 Quintam
960 1289 1148 1336 autem
1183 1283 1558 1352 apostolorum
1601 1286 1875 1356 synodum
1915 1302 1982 1343 ex
2027 1287 2200 1345 tradi-

605 1371 757 1432 tione
786 1376 1058 1448 majorum
1080 1377 1415 1450 accepimus,
1437 1394 1562 1437 cum
1581 1381 2054 1456 singuli'singulas
2078 1401 2202 1457 pro—

605 1465 842 1526 ferentes
889 1469 1191 1529 sententias
1229 1472 1538 1544 symbolum
1567 1476 1867 1534 conderent
1912 1479 2058 1548 quod
2082 1480 2202 1534 uni-

603 1561 832 1619 versalis
856 1561 1102 1620 Ecclesia
1132 1573 1300 1634 tenet,
1331 1580 1458 1622 cum
1479 1565 1596 1638 jam
1627 1568 1697 1624 ab
1726 1567 1964 1625 invicem
1993 1571 2200 1629 disces-

2307 361 2510 430 quibus
2537 377 2640 420 nos
2669 363 2896 418 utimur.
2931 361 3168 419 Sanctus
3207 374 3390 420 autem
3419 366 3728 420 Anacletus
3771 383 3880 437 papa

2303 459 2360 508 et
2387 461 2616 526 martyr,
2648 469 2679 508 a
2711 453 2772 510 Β.
2804 453 2968 510 Petro
2995 457 3241 525 quintus,
3269 457 3412 512 etab
3459 457 3589 526 ipso
3623 459 3882 528 presbyter

2304 545 2611 612 ordinatus,
2625 561 2830 602 nonum
2845 547 3142 617 capitulum
3155 549 3476 604 corumdem
3487 563 3776 603 canonum
3785 564 3883 619 ape

2303 638 2474 694 stolos
2487 639 2744 696 statuisse
2765 639 3022 707 declarat,
3041 641 3291 699 videlicet
3311 661 3328 693 ι
3352 652 3414 698 ιιι
3429 643 3688 696 ministri
3700 642 3881 708 altaris,

2302 729 2447 786 facta
2468 731 2765 800 oblatione,
2781 734 3208 790 communicent.
3235 754 3256 787 ι
3283 734 3526 792 Sanctus
3545 749 3776 806 quoque
3794 734 3882 790 Cal

2301 823 2463 878 listus
2484 839 2624 894 papa
2635 832 2690 880 et
2700 834 2907 896 martyr
2921 826 2988 880 de
3003 827 3290 882 undecimo
3313 829 3440 882 item
3461 827 3698 892 fatetur,
3713 829 3881 898 quippe

2309 933 2330 968 ι
2358 923 2418 970 ιιι
2443 917 2880 972 communicator
2912 919 3370 975 ereommunicati
3407 920 3588 975 simili
3625 921 3884 990 subiaceat

2301 1010 2878 1067 excommunicationi.
2936 1031 2956 1065 ι
3013 1011 3106 1068 Sic
3154 1021 3211 1068 et
3240 1013 3333 1068 alii
3390 1012 3578 1069 sancti
3621 1011 3883 1067 Patresdc

2301 1103 2426 1160 aliis
2451 1105 2772 1161 earumdem
2802 1121 3077 1163 canonum
3107 1108 3364 1179 capitulis
3414 1107 3716 1164 testiﬁcari
3751 1123 3882 1178 repe—

2301 1197 2541 1266 riuntur,
2567 1199 2662 1270 qui
2691 1199 2866 1272 magis
2896 1216 2996 1271 pro
3021 1200 3415 1257 veritate'mori
3437 1243 3456 1268 ,
3487 1217 3666 1272 quam
3696 1199 3782 1255 vel
3805 1216 3882 1270 pro

2299 1289 2414 1346 vita
2443 1291 2664 1346 mentiri
2692 1293 3026 1364 delegerunt.
3055 1291 3261 1350 Horum
3283 1293 3448 1366 igitur
3477 1293 3816 1350 testimoniis
3838 1303 3882 1347 et

2301 1396 2406 1436 nos
2452 1383 2768 1439 necessario
2815 1384 3126 1453 credimus,
3177 1401 3248 1440 ne
3268 1385 3374 1456 ipsi
3423 1395 3631 1440 sancto
3677 1385 3880 1456 Spiritui

2301 1470 2485 1527 minus
2505 1472 2727 1528 credere
2749 1471 3082 1544 iudicemur,
3099 1474 3262 1546 cujus
3287 1474 3564 1531 instinctu
3591 1475 3749 1552 ipsos
3771 1475 3882 1528 talia

2300 1560 2619 1618 testilicatos
2643 1560 2810 1618 fuisse
2837 1560 2961 1636 [ηις.
2991 1561 3130 1637 fore]
3155 1579 3267 1619 non
3295 1564 3643 1621 dubitamus.

601 1655 720 1712 suri
765 1667 973 1726 essent,
1004 1667 1066 1715 ut
1087 1659 1146 1715 in
1169 1675 1389 1717 omnem
1424 1669 1625 1719 terram
1659 1679 1830 1727 sonus
1857 1681 2050 1724 eorum
2097 1683 2187 1726 ex-

2373 1650 2667 1708 Sciendum
2715 1663 2897 1710 autem
2928 1655 3077 1725 quod
3119 1653 3183 1710 B.
3211 1653 3466 1710 Gelasius
3512 1669 3662 1726 papa
3696 1655 3880 1710 librum

2298 1741 2393 1814 qui
2430 1741 2505 1799 De
2525 1744 2830 1802 canonibus
2859 1746 3232 1816 apostolorum
3259 1746 3405 1817 apud
3433 1746 3664 1802 Grues
3704 1746 3884 1802 inscri-
3958 1741 3959 1798 ἰ

600 1747 706 1804 iret
727 1748 903 1822 (Ptol.
938 1751 1118 1826 mu).
1155 1737 1250 1812 Sic
1265 1754 1410 1811 enim
1437 1754 1498 1812 B.
1531 1755 1787 1816 Clemens
1822 1776 1983 1832 papa,
2031 1755 2214 1820 disci?

597 1841 768 1912 pulus
795 1851 850 1899 et
893 1860 1185 1903 successor
1215 1849 1591 1918 apostolorum
1625 1851 1682 1906 in
1716 1851 1952 1910 decretis
1976 1855 2094 1912 suis
2115 1865 2199 1914 te-

593 1943 798 1992 statur.
831 1935 988 2008 ltem,
1019 1939 1078 1995 S.
1101 1939 1218 1997 Leo
1243 1957 1382 2014 papa
1409 1943 1754 2002 [Pulcherite
1780 1947 2042 2020 Augustae
2059 1952 2200 2008 scri-

601 2028 779 2088 bens:
815 2048 835 2084 ι
871 2029 994 2103 Ipsa
1016 2032 1214 2105 inquit,
1246 2036 1504 2094 catholici
1529 2039 1761 2110 symboli
1796 2041 1979 2099 brevis
1993 2050 2050 2100 et
2070 2059 2196 2116 per-

597 2118 740 2179 fecta
776 2123 1052 2182 confessio
1097 2128 1385 2186 duodecim
1422 2133 1794 2202 apostolorum
1843 2137 2068 2194 totidem
2111 2147 2197 2197 est

595 2213 815 2286 signata
850 2221 1157 2276 sententiis.
1201 2239 1223 2275 ι
1253 2220 1408 2290 Item,
1437 2224 1793 2283 beatissimus
1842 2227 2006 2286 Pater
2056 2230 2193 2286 Am-

595 2305 820 2364 brosius
843 2309 1050 2366 clavem
1077 2313 1232 2383 regni
1262 2314 1530 2372 caelorum
1567 2317 1838 2388 deputans
1858 2335 1984 2378 esse
2027 2322 2192 2380 ﬁdem

595 2401 971 2470 apostolorum
1000 2421 1015 2458 :
1054 2421 1074 2457 ι
1108 2405 1354 2476 Clavem,
1377 2407 1576 2481 inquit,
1604 2411 1765 2466 istam
1789 2413 2026 2471 arbitror
2053 2416 2194 2473 duo-

593 2491 774 2550 decim
837 2494 1112 2552 artiticum
1157 2500 1482 2570 operatione
1524 2503 1836 2561 conﬂatam.
1891 2505 2192 2566 Duodecim

591 2585 744 2642 enim
761 2586 1130 2658 apostolorum
1163 2591 1412 2664 symbolo
1437 2593 1570 2650 fides
1597 2607 1858 2668 concepta
1881 2607 1984 2668 est,
2001 2615 2190 2672 quam,

590 2677 743 2734 velut
775 2679 940 2750 periti
961 2681 1222 2754 artiﬁces,
1257 2683 1313 2740 in
1341 2701 1512 2742 unum
1551 2689 1938 2747 convenientes
1983 2693 2190 2750 clavem

588 2785 696 2826 suo
722 2773 954 2830 concilio
982 2775 1384 2834 conﬂaverunt.
1422 2799 1442 2832 ι
1466 2778 1582 2838 lloe
1606 2791 1694 2838 est
1723 2797 1855 2856 ergo
1880 2787 2190 2859 symbolum

588 2864 920 2922 catholicum
965 2867 1083 2926 sive
1113 2868 1251 2928 fides
1291 2874 1691 2943 apostolorum,
1715 2877 1834 2933 sine
1873 2879 2032 2950 cujus
2058 2895 2189 2952 pro-

587 2954 830 3015 fessione
856 2975 960 3016 nec
982 2961 1335 3034 baptizamur
1384 2981 1487 3023 nec
1515 2967 1584 3024 ad
1613 2970 1992 3040 penitentiam
2017 2989 2189 3032 cano-

589 3048 712 3106 nice
737 3051 1062 3124 recipimur;
1097 3071 1268 3128 quam
1295 3064 1352 3114 et
1402 3061 1668 3132 quotidie,
1718 3079 1844 3120 cum
1885 3067 2186 3140 surgimus,

585 3141 741 3212 iuxta
771 3146 1123 3204 traditionem
1159 3159 1477 3207 sanctorum
1510 3152 1759 3224 Patrum,
1784 3173 2070 3215 recensere
2093 3160 2188 3216 de-

586 3235 802 3292 bemus.
818 3236 957 3296 liine
977 3238 1038 3294 Β.
1060 3240 1404 3314 Augustinus
1426 3244 1482 3300 in
1503 3245 1694 3304 bomil.
1725 3249 1794 3306 45
1824 3268 1837 3306 :
1869 3271 1888 3304 ι
1905 3249 2184 3324 Nunquid,

589 3328 788 3398 inquit,
820 3331 1043 3400 quando
1073 3335 1276 3406 surgis,
1304 3352 1413 3392 non
1443 3345 1495 3394 te
1523 3340 1736 3397 vestis?
1764 3341 1856 3399 Sic
1882 3352 1936 3399 et
1954 3361 2188 3402 comme-

589 3421 862 3476 morando
895 3424 1207 3494 symbolum
1257 3435 1436 3498 tuum,
1488 3432 1624 3488 vesti
1649 3433 1888 3490 animam
1919 3445 2088 3505 tuam,
2117 3453 2186 3494 ne

591 3509 734 3568 forte
761 3528 886 3569 eam
918 3516 1088 3573 nudet
1136 3519 1360 3588 oblivio,
1383 3529 1438 3576 et
1467 3537 1754 3582 remaneas
1778 3527 1980 3598 nudus,
2011 3539 2066 3586 ct
2091 3531 2187 3587 llat

587 3605 737 3675 quod
759 3607 838 3662 ait
857 3607 1175 3679 Apostolus,
1199 3610 1369 3683 (quod
1391 3613 1534 3671 absit
1557 3631 1587 3672 a
1613 3617 1762 3690 tel):
1796 3618 1856 3675 Si
1885 3631 2060 3676 tamen
2099 3639 2185 3678 ve-

577 3699 724 3766 stiti,
753 3716 858 3754 non
881 3702 1012 3757 nudi
1034 3703 1117 3759 vel
1151 3706 1440 3776 exspoliati
1465 3708 1798 3765 inveniamur
1817 3713 1836 3776 (
1842 3711 1871 3766 1
1877 3712 1906 3767 I
1919 3713 2042 3770 Cor.
2057 3715 2134 3786 v).
2156 3735 2176 3770 ι

589 3789 784 3849 Yestiti
807 3809 942 3868 ergo
966 3797 1174 3854 erimus
1199 3799 1302 3856 fide
1326 3811 1534 3859 nostra.
1567 3803 1636 3860 Et
1668 3805 1785 3877 ipsa
1830 3807 1964 3866 ﬁdes
2008 3821 2062 3867 et
2091 3820 2181 3868 tu-

575 3883 708 3940 nica
733 3895 838 3942 est.
860 3894 915 3942 et
943 3886 1134 3944 lorica.
1161 3888 1390 3960 Tunica,
1427 3902 1620 3950 contra
1650 3893 2062 3970 confusionem;
2095 3900 2180 3957 lo-

577 3976 718 4046 rica,
740 3987 934 4036 contra
963 3981 1370 4040 adversitatcm.

651 4067 860 4128 Praeter
880 4073 999 4129 haec
1035 4083 1246 4144 autem,
1295 4076 1696 4152 quinquaginta
1744 4081 1980 4154 capitula
2027 4084 2180 4140 inve-

570 4161 829 4233 niuntur,
876 4180 1002 4236 quae
1053 4181 1296 4224 canones
1356 4172 1735 4240 apostolorum
1777 4174 2176 4245 inscribuntur,

573 4255 784 4329 quibus
811 4265 996 4316 tamen
1022 4259 1238 4318 dillicile
1261 4263 1493 4319 credunt
1515 4265 1609 4336 qui
1641 4265 1698 4320 in
1741 4268 2018 4338 praedictis
2047 4285 2180 4340 apo-

2298 1836 2452 1893 bitur
2489 1851 2592 1909 pro
2619 1839 2938 1911 apocrypho
2966 1839 3283 1910 deputavit,
3323 1840 3414 1895 cui
3449 1849 3508 1896 et
3535 1855 3644 1896 nos
3677 1850 3879 1896 conua-

2295 1929 2477 1986 dicere
2505 1947 2616 1987 non
2643 1932 2926 2002 debemus,
2955 1932 3086 2004 quia
3133 1933 3240 1990 hoc
3265 1949 3393 1989 eum
3438 1933 3563 1990 sine
3605 1948 3776 1990 causa
3813 1932 3881 1986 ιο.

2295 2023 2436 2082 cisse
2470 2041 2577 2082 non
2605 2027 2899 2083 credimus.
2947 2025 3203 2084 Fortasse
3233 2027 3370 2083 liber
3397 2027 3492 2082 ille
3520 2026 3592 2082 de
3637 2026 3879 2097 capitulis

2295 2133 2419 2190 quae
2457 2128 2512 2176 ct
2537 2119 2728 2177 Patres
2769 2131 3091 2193 receperunt
3126 2120 3259 2176 nihil
3289 2120 3440 2187 dicit,
3471 2127 3592 2186 aut,
3647 2119 3698 2174 si
3737 2119 3876 2178 dicit.

3957 1893 3959 1982 φ

2293 2209 2545 2265 nonnihil
2585 2210 2909 2266 mendosum
2937 2209 3200 2266 annectit.
3236 2208 3393 2278 Quod
3439 2218 3630 2264 tamen
3669 2208 3874 2264 soletia

2293 2302 2545 2359 catholici
2569 2301 2880 2375 interpretis
2909 2305 3208 2376 prudenter
3231 2303 3394 2360 nobis
3433 2303 3493 2360 in
3524 2303 3726 2360 Latino
3751 2305 3872 2359 sub-
3958 2297 3959 2344 ἒ

2291 2394 2488 2464 traxit,
2537 2395 2680 2453 sicut
2721 2396 2916 2453 beatus
2947 2395 3350 2468 Hieronymus,
3387 2412 3519 2452 cum
3561 2395 3874 2452 transferret

2291 2482 2602 2558 Origenem,
2636 2501 2780 2556 saepe
2821 2486 3018 2542 fecisse
3046 2494 3406 2541 monstratur.
3455 2483 3588 2552 Sed,
3623 2485 3873 2556 quidquid
3958 2543 3959 2548 η

2288 2580 2360 2637 de
2385 2580 2478 2636 illo
2500 2581 2640 2637 libro
2661 2579 3009 2651 conjiciatur,
3035 2594 3137 2634 nos
3159 2589 3342 2635 tamen
3370 2578 3464 2632 illa
3483 2578 3873 2650 quinquaginta

2291 2677 2528 2748 capitula
2550 2719 2565 2745 ,
2615 2691 2740 2748 qua:
2776 2692 2876 2748 per
2905 2685 3156 2732 sanctum
3198 2673 3542 2730 Clementem
3573 2672 3868 2727 Romanum

2288 2772 2600 2844 pontiﬁcem
2623 2787 2690 2827 ex
2711 2770 2902 2827 Graeco
2925 2765 3185 2826 translata
3207 2767 3466 2837 legimus,
3493 2768 3710 2836 absque
3731 2779 3870 2820 ειπ-
3958 2783 3959 2788 π

2289 2866 2420 2935 pulo
2466 2863 2709 2935 recipere
2757 2879 3089 2935 possumus;
3139 2878 3263 2933 qua:
3302 2869 3361 2915 ct
3397 2869 3593 2916 sancta
3641 2858 3870 2912 Romana

2291 2956 2535 3013 Ecclesia
2559 2956 2817 3024 custodit,
2848 2955 3118 3027 nobisque
3144 2953 3510 3010 custodienda
3541 2968 3644 3022 per
3667 2951 3866 3005 beatus

2289 3049 2591 3108 Adrianum
2638 3065 2836 3122 papam
2884 3047 3179 3104 mandavit.
3225 3048 3319 3102 Sic
3365 3046 3558 3116 itaque
3601 3043 3772 3100 multa
3809 3056 3868 3096 ex

2289 3143 2616 3215 apocryphis
2669 3143 2991 3214 deprompta
3049 3139 3223 3196 sancti
3281 3137 3478 3194 Patres
3529 3142 3863 3207 receperant,

2287 3236 2434 3292 sicut
2469 3235 2640 3292 ludas
2669 3235 2950 3306 apostolus
2985 3234 3042 3289 in
3087 3232 3332 3304 Epistula
3365 3245 3472 3286 sua
3504 3227 3865 3284 testimonium

2286 3328 2354 3384 de
2401 3328 2685 3400 prophetia
2731 3326 2922 3383 Enoch
2955 3335 3296 3396 assumptum
3330 3320 3571 3393 recepit;
3605 3335 3772 3392 quam
3797 3330 3867 3375 ta-

2287 3436 2412 3477 men
2441 3422 2783 3493 prophetiam
2824 3430 3015 3477 saneta
3040 3419 3286 3476 Ecclesia
3315 3416 3482 3488 quasi
3511 3414 3865 3486 apocrypha:

2286 3515 2614 3586 repudiavit.
2646 3514 2976 3587 Apocrypha
3006 3523 3188 3569 autem
3219 3511 3328 3566 dici
3368 3509 3739 3566 ecclesiastici
3776 3507 3864 3560 do-

2284 3617 2466 3664 ctores
2509 3608 2766 3675 tradunt,
2813 3623 2926 3664 non
2967 3608 3096 3678 quia
3140 3605 3328 3661 omnia
3380 3603 3756 3668 mentiantur,
3781 3598 3866 3654 sed

2283 3699 2414 3770 quia
2441 3699 2622 3756 dubiae
2648 3709 2704 3756 et
2729 3709 3002 3771 suspecta:
3034 3695 3380 3754 auctoritatis
3405 3709 3538 3750 esse
3571 3693 3860 3749 videantur.

2263 3794 2420 3851 ’Nam
2449 3796 2750 3868 saepissime
2783 3796 2957 3852 multa
3000 3795 3266 3851 canonica
3309 3791 3432 3846 suis
3475 3789 3681 3846 maniis
3718 3791 3863 3844 interb

2282 3895 2494 3954 serunt,
2521 3902 2645 3959 qua:
2677 3901 3024 3958 nequaquam
3052 3881 3320 3940 Catholici
3356 3899 3488 3937 cum
3524 3881 3736 3938 eisdem
3759 3894 3859 3934 ιιεο

2282 3979 2393 4036 niis
2427 3979 2666 4036 refutare
2690 3981 2982 4036 debebunt.
3013 3978 3166 4035 Unde
3196 3993 3365 4050 supra
3393 3977 3582 4034 dictus
3607 3974 3861 4048 papaCe-

2283 4071 2494 4128 lasius:
2533 4091 2552 4124 t
2585 4070 2868 4144 Nunquid,
2905 4073 3103 4144 inquit,
3135 4072 3191 4127 in
3215 4071 3466 4142 ipsorum
3490 4072 3860 4127 inmaturum

2280 4166 2435 4222 libris
2464 4181 2574 4221 non
2601 4166 2774 4222 multa
2820 4179 2945 4238 qua:
2977 4166 3046 4222 ad
3098 4165 3384 4222 veritatem
3419 4165 3740 4236 pertineant
3780 4177 3861 4234 po-

2279 4259 2384 4316 sita
2407 4259 2765 4330 releguntur?
2787 4259 3175 4332 Nunquidnam
3211 4260 3335 4314 ideo
3355 4261 3565 4314 veritas
3587 4257 3860 4314 refutanda

573 4349 848 4406 stolarum
873 4353 1098 4424 synodis
1133 4354 1268 4409 nihil
1291 4356 1358 4412 de
1379 4356 1466 4412 his
1491 4368 1982 4415 commemoratum
2023 4361 2174 4418 invc-
2208 4395 2253 4450 Β
2277 4361 2382 4419 est,
2415 4353 2542 4424 quia
2575 4352 2792 4410 illorum
2825 4354 2970 4421 libri,
3019 4353 3114 4408 ubi
3158 4353 3404 4423 pravitas
3431 4353 3686 4450 interest,
3727 4350 3862 4406 refu-

575 4441 758 4498 niunt.
795 4441 901 4499 Sed
928 4453 984 4500 et
1033 4445 1266 4516 plurima
1298 4457 1426 4504 sunt
1455 4465 1578 4520 qua:
1599 4466 1665 4505 ex
1693 4453 1992 4522 apostolica
2019 4454 2178 4510 insti-
2208 4441 2246 4450 ”
2276 4449 2495 4506 tantur?
2513 4450 2643 4515 Aut,
2666 4449 2790 4504 ideo
2809 4448 2958 4518 pravi
2981 4447 3106 4502 libri
3131 4445 3470 4516 suscipiendi
3500 4453 3638 4498 sunt
3657 4458 3858 4505 eam.

577 4535 794 4591 ultione
831 4537 1165 4606 accepimus,
1213 4555 1337 4610 quae
1383 4549 1566 4597 tamen
1600 4541 1652 4596 in
1683 4543 1790 4598 illis
1823 4560 2172 4617 nequaquam

578 4627 911 4684 invenimus.
938 4628 1052 4686 Nec
1081 4631 1270 4703 utique
1295 4647 1520 4688 necesse
1545 4631 1648 4690 fuit
1684 4641 1743 4690 ιιι
1767 4638 1999 4708 apostoli
2047 4653 2172 4693 om-

577 4721 670 4776 nia
699 4723 1064 4780 communiter
1089 4723 1457 4792 instituerent,
1500 4742 1625 4782 cum
1653 4736 1708 4783 et
1743 4729 2060 4800 singillatim
2085 4739 2168 4786 ta-

577 4812 650 4868 lia
678 4814 966 4872 instituere
989 4826 1232 4888 possent,
1261 4818 1406 4875 sicut
1427 4819 1592 4874 etiam
1623 4819 1857 4876 Romani
1883 4821 2172 4894 pontifices

575 4920 644 4962 ex
671 4919 862 4962 eorum
901 4910 1226 4966 auctoritate
1247 4911 1429 4968 adhuc
1457 4909 1638 4969 facere
1662 4913 1860 4970 solent.

649 4996 795 5068 Ergo
835 5001 1134 5070 postposita
1183 5003 1550 5074 quorumdam
1599 5006 2002 5062 inconsiderata
2051 5007 2172 5079 opi-

577 5088 766 5154 nione,
820 5105 924 5146 nos
987 5093 1164 5164 magis
1235 5097 1667 5166 apostolicorum
1727 5099 1998 5166 virorum,
2052 5099 2168 5156 Ro-

576 5193 869 5236 manorum
933 5183 1122 5252 utique
1196 5187 1512 5257 pontificum
1583 5191 1919 5246 attestationi
1977 5193 2170 5248 creda-

575 5288 703 5312 Ῐηῗια
788 5272 880 5312 nni
931 5272 1142 5312 αίιὶσιιισι
1199 5293 1336 5312 nnnn
1387 5282 1619 5312 Λαπῖιιιιη
1691 5282 2008 5312 ΛΛιιιιη-ιιιηιηη
2067 5299 2126 5312 Μ

2273 4543 2403 4615 quia
2447 4543 2674 4608 veritas,
2705 4557 2830 4612 qua:
2872 4541 2983 4596 illic
3033 4540 3239 4596 inserta
3291 4546 3399 4604 est,
3446 4553 3560 4592 non
3607 4536 3864 4608 negatur?

2272 4635 2364 4690 Ait
2420 4635 2718 4706 Apostolus
2755 4653 2770 4688 :
2807 4633 3002 4689 Omnia
3053 4632 3306 4704 probate;
3337 4631 3482 4702 quod
3530 4631 3728 4684 bonum
3759 4639 3860 4689 at.

2275 4735 2441 4783 tenete
2479 4727 2534 4799 (1
2579 4727 2760 4782 Thess.
2799 4727 2882 4796 ιι).
2923 4725 3093 4798 Ergo,
3125 4726 3283 4796 juxta
3323 4724 3584 4778 eumdem
3642 4731 3860 4793 aposto-

2269 4819 2458 4888 licum,
2485 4827 2783 4891 utrumque
2805 4819 3070 4876 debemus
3094 4837 3108 4873 :
3145 4827 3200 4874 et
3221 4818 3427 4872 librum
3451 4817 3523 4872 de
3554 4815 3860 4870 canoniltes

2273 4914 2649 4984 apostolorum
2679 4928 2780 4984 pro
2800 4913 3114 4984 apocrypho
3153 4910 3477 4981 repudiare;
3513 4915 3572 4963 et
3600 4908 3858 4978 capit-la.

2271 5006 2319 5062 si
2343 5021 2452 5077 qua
2479 5007 2534 5060 in
2567 5005 2661 5060 illo
2690 5006 2757 5060 ad
2784 5005 3066 5060 veritatem
3111 5002 3442 5075 pertinentia
3484 5001 3856 5062 inveniuntur,

2270 5113 2380 5154 non
2415 5097 2708 5169 reprobare
2737 5097 2890 5164 :illa,
2919 5097 3176 5168 inquam,
3218 5095 3474 5158 minime,
3517 5107 3646 5164 quae
3683 5089 3858 5147 sant-ti

2269 5188 2458 5245 Patres
2520 5204 2621 5260 pro
2674 5189 3006 5246 authenticis
3066 5195 3411 5258 receperunt,
3456 5187 3572 5240 imo
3621 5197 3858 5256 quorum

2269 5283 2592 5312 nuanlnn:ln.n
2628 5299 2756 5312 nullan
2793 5284 3100 5312 annAI:A-‘An
3143 5279 3450 5312 οδησιῖοοῖηιο
