3986 5312
121 190 237 250 1197

969 167 1260 228 APPEND.
1302 164 1391 223 111.
1431 195 1501 206 -
1538 154 1979 219 MONUMENTA
2016 152 2485 213 GREGORIANA.

3217 155 3354 213 “£8

115 307 234 382 quit,
255 300 501 360 universa
543 300 693 352 tenet
720 289 980 357 Ecclesia,
1028 303 1129 345 nec
1164 284 1415 344 conciliis
1450 279 1672 382 institu-
1701 282 1747 339 Α
1838 273 2162 382 :A‘tempore
2183 267 2802 382 autemLhujus.
2958 270 3356 382 aliquantulum

114 374 227 463 tum
264 394 352 451 sed
382 404 598 461 semper
620 394 893 443 retentum
927 391 1033 449 est,
1067 394 1177 437 non
1220 378 1329 435 nisi
1360 374 1664 447 apostolica

112 489 406 551 auctoritate
428 483 686 539 traditum
717 476 1019 535 rectissime
1040 473 1300 530 creditur.
1335 490 1355 520 ι
1388 468 1534 541 Ergo
1564 481 1667 522 nec

113 579 398 656 huiusmodi
440 574 795 633 traditionum
834 577 1238 639 contemptores
1280 564 1470 656 minus
1509 574 1667 617 coer-

111 653 245 736 cendi
271 679 397 729 sunt
422 685 586 741 quam
629 663 1078 738 praevaricatores
1107 657 1416 714 divinarum
1458 653 1663 725 legum,

112 780 162 826 ut
187 768 314 823 idem
344 764 534 821 doctor
563 760 631 817 ad
651 757 985 815 Casulanum
1007 752 1385 825 presbyterum
1420 747 1667 805 scribens

112 869 285 918 lt‘Slﬁltl
292 875 334 912 l'.

169 976 285 1032 Post
310 971 586 1044 apostolos
616 977 797 1025 autem
846 962 1080 1020 Romani
1107 959 1413 1033 pontiﬁces,
1456 963 1568 1011 tam
1609 953 1664 1009 in

110 1077 348 1145 potestate
378 1081 545 1137 quam
574 1065 628 1118 in
656 1059 1041 1134 praedicatione
1061 1068 1255 1111 eorum
1292 1062 1664 1113 successores,

110 1140 509 1222 ecclesiasticam
549 1156 894 1227 disciplinam
925 1147 1327 1208 studiosissime
1366 1143 1483 1201 suis
1516 1140 1669 1197 insti-

110 1258 224 1314 tutis
248 1254 514 1311 formasse
556 1261 609 1307 et
640 1249 989 1306 informatam
1020 1254 1355 1315 propagasse
1378 1235 1667 1308 reperiun-

110 1361 211 1416 tur;
238 1359 289 1406 et
333 1350 441 1403 hoc
470 1347 657 1416 utique
696 1342 916 1403 diverso
960 1336 1144 1394 modo.
1198 1333 1353 1389 Sicut
1384 1330 1531 1386 enim
1564 1328 1668 1400 ipsi
1697 1356 1700 1363 ν

109 1455 287 1503 sancue
317 1441 575 1497 Ecclesiae
606 1437 838 1494 diversis
874 1430 1217 1503 temporibus
1264 1425 1552 1499 prmfuisse
1587 1423 1668 1479 le-

110 1546 305 1610 guntur,
337 1536 415 1591 ita
457 1544 513 1589 et
536 1534 751 1588 diverse
786 1528 903 1585 suis
943 1523 1281 1595 temporibus
1321 1517 1670 1575 consuluisse

1765 362 1970 419 sedatis
2003 360 2501 434 persecutionibus,
2535 358 2696 414 iidem
2734 358 3021 428 pontiﬁces
3045 360 3219 417 multo
3241 362 3355 433 ple.

1766 454 1893 509 nius
1921 462 1977 509 et
2003 452 2287 509 decentius
2321 450 2726 508 ecclesiasticas
2768 452 2984 522 regulas
3012 461 3125 507 tum
3162 468 3260 523 per
3295 470 3358 511 se

1767 545 1824 601 in
1850 544 2089 601 decretis
2111 543 2251 611 suis,
2292 551 2410 599 tum
2436 556 2533 613 per
2555 540 2696 596 alios
2725 539 2780 595 in
2817 542 3069 597 conciliis
3108 543 3355 613 promul-

1767 650 1917 708 gare,
1948 635 2064 691 sive
2091 633 2466 706 promulgatas
2508 632 2835 688 continuare
2870 641 3173 704 creperum.
3209 631 3360 700 Quas

1766 737 1823 783 et
1850 731 1905 783 in
1935 735 2217 799 posterum
2263 725 2618 782 ecclesiastici
2666 724 2921 781 doctores
2953 725 3128 798 magis
3169 726 3225 781 in
3253 741 3358 782 usu

1769 817 1971 875 habere
2000 824 2424 875 consueverunt.
2469 814 2581 872 Has
2609 815 2777 872 etiam
2802 814 2862 871 Β.
2906 815 3183 874 Adrianus
3212 832 3353 889 papa

1767 926 1897 968 eum
1925 909 2232 968 canonibus
2265 909 2637 980 apostolorum
2662 908 2733 964 ad
2761 908 3179 966 instructionem
3204 906 3361 966 Occi-

1768 1002 2067 1059 dentalium
2115 1001 2486 1058 Ecclesiarum
2514 1000 2828 1072 dirigendas
2856 1002 3179 1070 destinavit,
3209 1002 3360 1058 vide-

1769 1095 1898 1151 licet
1935 1104 1996 1151 ut
2015 1095 2197 1166 ipsum
2225 1091 2507 1149 Nicaenum
2534 1099 2590 1149 et
2617 1092 2723 1149 alia
2751 1091 3069 1165 huiusmodi
3101 1093 3357 1160 concilia,

1770 1203 2006 1261 quorum
2044 1185 2315 1260 quaedam,
2346 1184 2449 1242 etsi
2493 1182 2715 1259 Nicaeno
2759 1180 2994 1243 concilio
3029 1185 3361 1259 antiquiora,

1772 1288 1955 1335 tamen
1977 1287 2102 1350 post
2122 1276 2402 1333 Nicaanum
2446 1276 2500 1332 in
2530 1276 2913 1334 auctoritatem
2944 1286 3198 1351 recepta;
3231 1280 3362 1335 item

1770 1380 1826 1429 et
1871 1371 1964 1427 illa
2008 1369 2387 1427 Romanorum
2433 1369 2755 1441 pontiﬁcum
2797 1370 3047 1438 decreta,
3077 1386 3201 1443 quae
3241 1382 3367 1441 pom

1772 1462 1917 1519 idem
1967 1462 2262 1520 concilium
2295 1461 2541 1518 instituta
2574 1461 2850 1534 leguntur.
2879 1460 2989 1519 Nec
3028 1463 3134 1519 hoc
3176 1462 3366 1534 utique

1773 1551 1893 1608 ideo
1923 1552 2121 1609 fecisse
2145 1551 2453 1609 credendus
2482 1560 2567 1608 est
2606 1551 2768 1624 quasi
2798 1551 3204 1623 antiquioribus
3247 1562 3363 1608 sta—

109 1630 453 1687 ίηνθηίυθιυν·
484 1625 620 1682 Nam
652 1642 683 1680 ³
715 1624 877 1717 beam
898 1620 1063 1717 Ρξθίνθ
1094 1630 1272 1688 usque
1416 1620 1668 1717 Samium
1703 1632 1746 1687 Β
1771 1645 1905 1701 tutis
1937 1643 1994 1701 in
2028 1638 2223 1717 aliquo
2268 1614 2736 1716 prajudicavcrit;
2789 1644 2899 1699 imo
2932 1614 3127 1715 potius
3156 1646 3277 1701 ideo
3304 1653 3366 1700 ut

110 1724 420 1796 Sylvestrum
450 1719 613 1774 varia:
651 1728 704 1773 et
728 1713 1070 1771 creberrimae
1097 1706 1504 1781 persecutiones
1547 1702 1668 1757 fue-

111 1825 245 1881 runt,
290 1816 345 1870 in
387 1813 595 1885 quibus
640 1806 910 1882 episcopi,
948 1813 1137 1877 utpote
1184 1801 1363 1872 capita
1410 1798 1667 1862 aliorum,

108 1910 316 1967 maxime
343 1907 815 1980 periclitabantur.
861 1899 1019 1957 Unde
1045 1906 1101 1955 et
1125 1893 1359 1952 Romani
1389 1891 1672 1965 pontiﬁces

109 2006 232 2065 illius
255 2001 518 2073 temporis
552 1996 924 2068 multipliciter
947 2009 1045 2049 eos
1073 2006 1173 2062 pro
1196 1988 1459 2061 qualitate
1490 2001 1674 2057 perso-

108 2114 298 2162 narum,
327 2094 659 2151 necessitate
685 2094 891 2155 rerum,
923 2084 1332 2158 opportunitate
1364 2091 1669 2152 temporum

108 2192 301 2262 scriptis
342 2189 469 2245 suis
516 2184 781 2242 consolati
820 2189 976 2247 sunt;
1008 2180 1064 2235 in
1114 2176 1317 2249 quibus
1363 2175 1443 2240 de,
1482 2190 1672 2229 eorum

107 2285 302 2357 iudiciis
335 2282 516 2340 multa
560 2280 646 2337 vel
697 2292 836 2350 pene
878 2274 1066 2333 omnia
1109 2277 1442 2335 statuerunt,
1468 2277 1527 2324 ut
1566 2268 1673 2323 im-

110 2380 384 2450 proborum
435 2372 919 2447 praesumptionem
969 2369 1041 2424 ab
1086 2380 1275 2423 eorum
1327 2362 1676 2420 infestatione

112 2486 308 2544 quoquo
359 2470 527 2526 modo
576 2470 1019 2536 compescerent;
1092 2459 1329 2532 quippe,
1386 2462 1678 2513 attestante

112 2573 280 2622 sancto
297 2563 544 2620 Fabiano
560 2574 702 2632 papa
722 2565 777 2613 et
795 2556 1048 2628 Martyre,
1072 2553 1187 2624 ipse
1210 2551 1442 2623 apostoli
1464 2565 1679 2605 corum-

112 2674 202 2729 que
220 2670 570 2714 successores
596 2658 905 2708 statuerunt
922 2657 983 2704 ut
1009 2644 1249 2717 episcopi
1274 2653 1368 2699 aut
1394 2658 1678 2713 nunquam

110 2758 506 2815 accusarentur,
535 2755 630 2801 aut
674 2741 921 2800 accusari
956 2737 1269 2795 difﬁcillime
1302 2735 1681 2806 permitteren-

111 2853 204 2898 tur.
230 2841 386 2909 Nam,
421 2848 485 2896 ut
509 2840 702 2894 beatus
724 2833 1097 2907 Eutycliianus
1116 2844 1255 2901 papa
1280 2836 1333 2883 ct
1361 2835 1568 2899 martyr
1603 2835 1682 2883 te-

110 2944 287 3001 statur,
318 2934 365 2993 si
401 2930 688 2990 accusatio
715 2928 1096 3000 cpiscoporum
1124 2933 1258 2979 tunc
1287 2920 1445 2977 facile
1473 2928 1529 2976 et
1555 2934 1684 2991 pas-

113 3029 202 3085 sim
225 3028 624 3091 admitteretur,
656 3019 915 3093 perpauci
958 3016 1124 3072 nimis
1165 3014 1544 3069 invenirentur
1587 3009 1683 3082 qui

110 3135 168 3177 eo
188 3129 425 3192 tempore
453 3118 831 3190 episcopatum
844 3127 954 3168 non
978 3109 1247 3182 fugerent,
1272 3121 1398 3163 cum
1428 3112 1484 3160 et
1497 3101 1683 3175 quoti-

111 3215 310 3271 dianam
354 3221 594 3269 mortem
625 3224 689 3264 ex
733 3202 1114 3278 persecutione
1156 3201 1434 3266 timerent,
1466 3211 1568 3252 nec
1602 3204 1688 3250 ta—

110 3324 219 3363 men
252 3305 632 3378 improborum
661 3297 1067 3357 accusationem
1092 3293 1365 3351 declinare
1394 3298 1637 3363 possent.

171 3421 401 3478 Sanctus
425 3418 598 3476 etiam
641 3414 938 3470 Anacletus
970 3426 1110 3483 papa
1139 3415 1195 3465 et
1227 3416 1436 3480 martyr
1469 3405 1538 3462 ad
1565 3404 1690 3460 uni-

111 3530 279 3570 versos
305 3515 604 3586 cpiscupos
636 3508 804 3564 ltalize
845 3505 1094 3563 scribens
1116 3545 1130 3569 ,
1174 3501 1535 3572 dejectionem
1578 3498 1691 3555 sive

111 3606 502 3662 damnationem
527 3605 911 3673 episcoporum
934 3597 1039 3654 sibi
1063 3595 1355 3651 Dominum
1381 3605 1692 3649 reservasse

112 3706 323 3753 testatur
346 3740 361 3764 ,
411 3694 575 3767 quasi
606 3693 887 3748 hominum
919 3688 1127 3760 judicio
1149 3686 1435 3756 subiacere
1479 3700 1588 3739 non
1610 3682 1694 3737 vi-

112 3788 340 3843 deantur.
368 3786 486 3843 Nec
508 3786 711 3840 mirum
733 3783 840 3837 hoc
883 3785 998 3838 eos“
1027 3793 1095 3835 eo
1122 3786 1362 3848 tempore
1392 3774 1691 3845 iudicasse,

111 3892 220 3934 eum
242 3877 518 3935 acerrima
554 3873 859 3947 persecutio
881 3887 994 3927 non
1024 3869 1131 3925 nisi
1161 3865 1592 3939 perfectissimos
1624 3863 1694 3918 ad

110 3971 473 4042 episcopatum
498 3967 687 4022 venire
707 3964 1068 4037 permitteret,
1097 3960 1299 4033 quippe
1330 3958 1425 4029 qui
1457 3956 1571 4027 jam
1593 3969 1693 4026 pro

110 4060 316 4119 Christo
336 4062 538 4118 omnia
573 4069 828 4127 extrema.
861 4056 973 4128 pati
1008 4069 1117 4111 non
1148 4054 1423 4110 timerent.
1469 4047 1530 4104 In
1556 4058 1697 4104 tem-

113 4169 231 4224 pore
252 4164 439 4211 autem
474 4152 631 4225 pacis
677 4149 883 4222 aliquid
931 4149 999 4204 dc
1044 4147 1136 4202 illa
1179 4143 1493 4201 ditlicultate
1534 4155 1698 4198 accu-

113 4246 329 4303 sationis
357 4247 480 4302 sive
510 4242 882 4302 damnationis
919 4240 1299 4311 episcoporum
1345 4249 1456 4290 non
1503 4233 1697 4290 incon-

1769 1737 2201 1809 compctentiora
2240 1752 2472 1808 qumque
2499 1736 2734 1809 regulari
2759 1734 3129 1793 Ecclesiarum
3158 1737 3364 1794 instru-

1770 1829 1941 1886 ctioni
1962 1828 2360 1900 procuraverit.

1841 1917 1953 1975 Nec
1999 1919 2215 1976 mireris
2263 1918 2410 1991 quod
2440 1919 2687 1991 ipsorum
2724 1920 3084 1978 conciliorum
3120 1922 3365 1978 auctori-

1772 2018 1941 2068 tatem
1982 2009 2234 2067 Romano
2259 2010 2503 2084 pontiﬁci
2538 2011 2889 2068 ascribimus.
2942 2011 3101 2081 Nam,
3149 2033 3167 2066 ι
3216 2014 3367 2069 nulla

1771 2106 2003 2162 concilia
2046 2115 2166 2162 rata
2214 2106 2504 2178 leguntur,
2535 2104 2659 2178 qua:
2697 2105 2998 2178 apostolica
3042 2108 3370 2164 auctoritate

1774 2195 1910 2252 fulta
1942 2212 2053 2252 non
2105 2195 2327 2265 fuerint,
2369 2214 2388 2250 ι
2420 2206 2479 2253 ut
2502 2197 2695 2253 beatus
2723 2196 2994 2255 Damasus
3020 2214 3159 2270 papa
3186 2199 3243 2253 in
3269 2199 3367 2255 de—

1774 2288 1940 2346 cretis
1992 2288 2138 2358 suis,
2164 2304 2285 2360 cap.
2328 2288 2383 2357 9,
2414 2287 2654 2345 asserit:
2695 2289 2785 2345 cui
2836 2288 2894 2345 S.
2936 2289 3276 2348 Athanasius
3314 2300 3371 2349 et

1774 2380 1953 2436 Julius
1980 2397 2142 2452 papa,
2168 2380 2452 2438 Nicrenum
2479 2398 2702 2453 quoque
2728 2384 3054 2453 concilium,
3091 2394 3146 2441 et
3173 2386 3371 2457 reliqui

1776 2475 1952 2530 sancti
1970 2472 2163 2529 Patres
2183 2475 2569 2545 astipulantur.
2592 2475 2827 2532 Sanctus
2849 2492 3070 2549 quoque
3085 2477 3370 2535 Marcellus

1777 2579 1917 2636 papa
1944 2571 2000 2619 et
2040 2572 2248 2637 martyr
2278 2565 2334 2619 in
2364 2565 2598 2621 decretis
2632 2566 2768 2633 suis,
2794 2582 2914 2638 cap.
2949 2568 3021 2623 5:
3055 2587 3074 2621 ι
3108 2566 3245 2639 ipsi,
3282 2568 3371 2623 in-

1779 2656 1918 2728 quit,
1942 2657 2197 2726 apostoli,
2237 2671 2428 2713 eorum
2459 2671 2679 2728 quoque
2722 2672 3090 2726 successores,
3138 2656 3373 2715 Domino

1782 2749 2107 2820 inspirante,
2159 2750 2563 2806 constituerunt
2612 2758 2674 2806 ut
2726 2748 2876 2806 nulla
2926 2750 3082 2806 ﬁeret
3132 2751 3374 2823 synodus

1781 2850 1980 2915 praeter
2031 2840 2293 2898 Romanae
2342 2843 2489 2900 sedis
2535 2843 2939 2899 auctoritatem.
2976 2863 2995 2897 ι
3045 2842 3184 2899 Nam
3228 2843 3375 2899 illius

1784 2933 1932 2990 sedis
1959 2932 2252 3005 episcopus
2275 2933 2445 3005 judex
2474 2943 2561 2990 est
2590 2934 2763 2991 totius
2788 2933 3073 3003 Ecclesiae.
3117 2932 3230 2991 Nec
3268 2935 3374 2991 ali-

1785 3026 1930 3098 quod
1949 3026 2220 3097 judicium
2249 3027 2393 3082 valct
2421 3027 2630 3099 absque
2652 3026 3115 3101 legitimojudice.

1860 3118 2002 3175 Sunt
2055 3126 2240 3173 autem
2288 3125 2527 3188 quatuor
2573 3118 2805 3174 concilia
2873 3118 3078 3190 quibus
3140 3117 3376 3174 Romani

1783 3210 2067 3282 pontiﬁces
2093 3224 2349 3280 magnam
2396 3211 2756 3265 reverentiam
2806 3210 3069 3267 detulisse
3096 3210 3373 3283 leguntur,

1785 3299 2066 3357 Nicaanum
2115 3300 2341 3369 scilicet,
2389 3299 3110 3373 Constantinopolitanum,‘
3151 3300 3380 3374 Ephesi-

1788 3407 1944 3460 num,
1967 3400 2022 3448 et
2040 3389 2488 3448 Chalcedonense
2513 3392 2837 3460 concilium;
2865 3409 2989 3464 quae
3016 3409 3049 3448 a
3070 3394 3231 3451 beato
3252 3392 3381 3450 Gre-

1792 3484 1951 3556 gorio
2006 3499 2118 3539 non
2160 3484 2330 3540 semel
2389 3492 2450 3539 ut
2494 3494 2731 3556 quatuor
2788 3484 3209 3557 Evangeliorum
3255 3487 3380 3543 libri

1791 3576 2104 3632 veneranda
2152 3584 2465 3647 censentur,
2513 3587 2567 3634 et
2609 3578 2716 3634 sub
2760 3578 2990 3634 terribili
3034 3579 3384 3635 anathemate

1792 3670 2069 3726 contemni
2092 3670 2470 3741 prohibentur.

1862 3761 2110 3817 Primum
2141 3777 2270 3832 ergo
2300 3762 2497 3818 horum
2524 3778 2555 3818 a
2581 3778 2812 3818 cccxvm
2841 3762 3097 3821 Patribus
3119 3765 3172 3819 in
3203 3762 3383 3821 Nicaea

1794 3853 2065 3926 Bithynia:
2112 3853 2357 3909 habitum
2410 3864 2495 3910 est
2526 3871 2592 3909 ex
2629 3856 2955 3911 auctoritate
3010 3854 3069 3912 S.
3118 3854 3383 3928 Sylvcstri

1792 3961 1965 4018 papae,
1988 3956 2179 4002 contra
2199 3946 2388 4001 Arium
2406 3947 2833 4003 Alexandrinum
2857 3948 3255 4021 presbyterum,
3285 3950 3381 4020 qui

1794 4045 1907 4094 tres
1931 4036 2133 4109 gradus
2156 4037 2212 4091 in
2241 4046 2431 4094 saneta
2456 4036 2723 4093 Triuitate
2762 4038 3022 4095 asseruit.
3075 4037 3230 4106 item,
3273 4037 3381 4093 Pa—

1796 4137 1933 4185 trem
1961 4128 2245 4200 majorem,
2285 4127 2484 4185 Filium
2511 4129 2801 4196 minorem,
2836 4127 3099 4200 Spiritum
3131 4139 3382 4185 sanctum

1795 4230 2134 4288 creaturam,
2186 4230 2431 4293 tempore
2478 4221 2824 4277 Constantini
2879 4221 3170 4292 principis,
3218 4221 3383 4278 Attici

116 4354 235 4408 me
259 4338 592 4403 remittitur,
617 4352 743 4391 cum
787 4334 1136 4405 episcopatus
1164 4345 1276 4386 non
1297 4328 1411 4399 jam
1437 4326 1695 4398 apaucis,
1728 4358 1774 4413 Ι)
1798 4314 2390 4413 Constantinopolitani
2414 4357 2431 4383 ,
2502 4314 2728 4413 ﬁlacarii
2768 4313 3265 4413 _ll_ierosolymitani
3291 4323 3386 4413 “et

115 4406 260 4502 ξιιηεί
286 4448 466 4497 mors,
500 4418 756 4500 ι-θιῑεῑοεθ
783 4427 1024 4492 timetur,
1049 4424 1144 4481 sed
1172 4437 1203 4478 ει
1236 4420 1507 4492 plurimis,
1538 4418 1696 4490 quasi
1729 4406 1765 4413 ”
1800 4407 2091 4502 Alexandri
2114 4408 2444 4502 patriarchae
2486 4406 2947 4502 Alexandriniiln
2986 4421 3097 4477 quo
3145 4406 3384 4463 concilio

117 4524 295 4594 gloria,
345 4523 648 4580 ambitiose
676 4520 967 4591 appetitur,
995 4524 1051 4573 et
1091 4515 1362 4588 appetitus
1404 4511 1699 4569 criminose

119 4616 555 4681 administratur,
599 4612 807 4669 scilicet
849 4625 974 4666 cum
1018 4608 1133 4679 jam
1179 4621 1290 4662 non
1338 4604 1465 4661 talis
1514 4616 1699 4673 perse-

120 4709 253 4765 cutio
279 4710 532 4780 aliquem
555 4705 624 4760 ab
667 4703 982 4775 episcopatu
1010 4701 1094 4755 vel
1124 4706 1351 4771 peccato
1393 4697 1697 4759 deterreat,

119 4801 206 4855 sed
249 4802 371 4872 ipsa
415 4798 576 4871 pacis
621 4793 989 4865 tranquillitas
1032 4801 1087 4848 et
1126 4790 1355 4847 honoris
1392 4786 1701 4845 sublimitas

119 4894 282 4965 magis
306 4893 377 4948 ad
418 4889 766 4962 peccandum
796 4886 1004 4941 illiciat.
1040 4884 1195 4940 Unde
1227 4882 1283 4938 in
1317 4880 1540 4937 Nicazno
1569 4892 1702 4931 con-

120 4985 236 5041 cilio
254 5000 368 5042 non
393 4981 582 5052 magis
612 4977 886 5050 episcopis
910 4992 1074 5047 quam
1118 4974 1451 5045 quibuslibet
1489 4966 1704 5023 clericis

120 5077 171 5131 in
190 5078 550 5134 damnatione
569 5071 831 5143 parcitur,
855 5085 980 5125 cum
1003 5066 1322 5141 generaliter
1338 5067 1393 5122 in
1418 5078 1487 5119 eo
1513 5074 1706 5115 omnes

120 5168 445 5225 damnentur
492 5164 812 5234 quicunque
870 5175 930 5215 se
981 5169 1169 5217 contra
1234 5174 1421 5216 sacras
1487 5151 1707 5221 regulas

118 5260 303 5312 dare
319 5274 435 5312 non
456 5264 745 5312 verum.
771 5251 912 5307 Ante
930 5251 1063 5308 illud
1081 5265 1211 5308 sane
1231 5250 1524 5308 concilium
1542 5250 1708 5299 tanta:

1803 4500 2163 4556 condemnata
2191 4499 2385 4557 haeresi
2418 4498 2620 4554 Ariana
2638 4541 2653 4567 ,
2678 4498 2977 4557 secundum
3008 4505 3131 4569 post
3164 4507 3386 4570 aposto—

1801 4588 1887 4648 los
1919 4592 2259 4664 Symbttlum,
2291 4602 2347 4648 et
2382 4593 2573 4665 viginti
2617 4608 2856 4649 canones
2885 4592 3389 4663 promulgaverunt.

1805 4683 1945 4740 Huic
1968 4684 2204 4739 concilio
2233 4685 2396 4757 legati
2423 4685 2567 4740 sedis
2596 4684 2933 4756 apostolicae,
2963 4692 3201 4755 magnus
3233 4676 3397 4740 Ositts

1806 4766 2177 4830 Cordubensis
2203 4775 2522 4846 episcopus,
2560 4773 2750 4831 Victor
2798 4784 2853 4829 ct
2900 4774 3257 4845 Vincentius,
3277 4788 3402 4846 pre-

1807 4863 2010 4937 sbyteri
2043 4861 2303 4921 Romanae
2324 4864 2603 4930 Ecclesia),
2642 4866 2763 4922 vice
2795 4861 3062 4935 Sylvestri
3086 4876 3257 4935 papa:
3274 4876 3414 4935 pra?-

1808 4951 2033 5010 l‘ueruut
2055 4995 2070 5021 ,
2126 4962 2181 5010 et
2206 4963 2408 5011 statuta
2438 4954 2686 5025 ejusdem
2717 4953 2939 5011 concilii
2968 4952 3260 5025 primaria
3288 4952 3419 5010 sub-

1809 5045 2107 5117 scriptione
2152 5047 2524 5103 ﬁnuaverunt.
2558 5046 2681 5117 ipse
2722 5049 2888 5105 etiam
2945 5044 3250 5119 Sylvcster
3286 5040 3426 5118 papa

1811 5136 2075 5193 Romana:
2099 5138 2335 5207 generali
2382 5137 2589 5209 synodo
2614 5137 2940 5207 praesidens,
2972 5134 3317 5209 praedictam
3340 5145 3431 5188 ro:

1811 5224 2029 5285 beravit
2068 5227 2338 5299 synodum
2366 5243 2488 5282 cum
2517 5225 2929 5299 subscriptione
2950 5238 3163 5281 ccum
3203 5227 3432 5301 episco—
