3986 5312
559 265 582 319 I
603 257 700 316 I99

1536 231 1630 289 AD
1666 225 1898 288 OPERA
1937 219 1996 282 S.
2037 213 2367 280 GREGORII
2405 198 2852 272 APPENDICES.

3709 183 3832 248 1200

563 291 582 319 1
605 291 699 316 ιυυ

543 372 1005 438 Chalcedonense
1027 359 1319 421 concilium
1346 348 1700 412 devotissim‘e
1737 346 2019 408 invitatus.
2043 337 2148 398 hac
2177 341 2222 403 Α
2252 343 2401 392 θωπι
2433 347 2503 390 ει
2542 318 2742 386 “neris
2793 321 3070 394 majorum
3123 291 3424 374 didicimus
3483 308 3624 382 quia
3647 305 3838 362 sicui

1978 437 1986 438 κ
2253 424 2292 438 α..
2339 437 2346 438 ,
2483 424 2534 438 ιη
2613 430 2650 438 ,γ
2681 428 2819 438 -.κᾼ..-
2878 412 3028 438 ---ηηζ
3085 407 3372 438 η-ιιιηῖηιῖιιο
3417 401 3730 438 ἷηεοῖιιιῖεερ
3771 396 3837 438 ιϐ-

553 472 778 530 ratione
805 480 866 522 se
900 455 1184 518 excusavit
1209 449 1355 523 quod
1381 445 1592 503 nullum
1625 442 1750 498 inde
1783 437 2088 509 exemplum
2117 448 2148 490 a

557 554 1062 638 .prredecessoribus
1097 546 1213 603 suis
1262 538 1550 613 acceperit.
1593 535 1672 592 De
1713 531 1948 590 concilio
1987 528 2153 600 igitur

563 619 790 715 illicaeno
813 648 870 706 S.
895 641 1218 702 Ambrosius
1243 631 1664 692 Mediolanensis
1686 627 1976 698 episcopus
2013 619 2152 676 scri-

571 752 710 806 bens
741 761 754 798 ε
796 762 814 796 ι
847 738 969 796 Non
999 736 1262 798 humana,
1287 729 1483 800 inquit,
1531 721 1822 788 industria,
1854 732 1964 772 non
2000 729 2155 770 com-

571 840 846 916 positione
880 833 1062 902 aliqua
1097 840 1328 883 cccxvnt
1366 818 1604 891 episcopi
1639 816 1707 872 ad
1738 810 2032 869 concilium
2061 819 2156 861 ve—

575 941 798 998 nerunt,
831 927 927 984 sed
973 923 1112 979 utin
1155 931 1386 974 numero
1425 927 1615 968 eorum
1645 924 1740 980 per
1782 905 1998 974 signum
2047 913 2161 956 suae

565 1023 851 1100 passionis
881 1029 934 1075 et
961 1013 1201 1072 nominis
1225 1009 1490 1064 Dominus
1515 1004 1672 1060 Jesus
1700 1014 1802 1054 suo
1829 997 2086 1068 probaret
2106 1005 2164 1046 se

565 1115 769 1178 adesse
795 1113 1048 1172 concilio.
1071 1109 1217 1164 Crux
1238 1105 1292 1158 in
1312 1117 1426 1164 ccc,
1453 1098 1509 1153 I8
1541 1110 1739 1152 nomen
1763 1092 1819 1146 in
1841 1107 1875 1144 χ
1895 1098 1948 1144 et
1964 1104 2058 1142 vni
2083 1101 2113 1140 c
2145 1092 2167 1138 t

579 1209 976 1269 sacerdotibus.
1023 1223 1042 1256 ι
1070 1201 1204 1255 Item
1256 1197 1386 1261 L‘co,
1423 1193 1516 1264 qui
1558 1203 1744 1260 supra,
1804 1182 2050 1239 scribens
2099 1177 2164 1233 ad

571 1303 894 1362 'Anatolium
907 1293 1276 1371 patriarchatn
1289 1279 1956 1350 ConstantinOpolitanum
1974 1289 1986 1324 :
2011 1293 2026 1323 ι
2051 1271 2165 1338 Illa,

583 1401 784 1472 inquit,
814 1393 1160 1449 Nicrenorum
1191 1396 1464 1440 canonum
1496 1392 1592 1448 per
1618 1380 1869 1430 sanctum
1912 1381 2038 1424 vere
2080 1381 2170 1420 or—

584 1464 772 1549 dinata
811 1485 1074 1558 Spiritum
1115 1475 1358 1534 conditio
1400 1464 1546 1528 nulla
1592 1479 1833 1538 unquam
1885 1469 1968 1516 est
2019 1465 2172 1530 parte

587 1557 862 1640 solubilis.
900 1575 1057 1632 Nulla
1087 1571 1308 1628 sibimet
1341 1567 1409 1622 de
1445 1557 1902 1631 multiplicatione
1945 1565 2173 1622 congre-

587 1674 823 1750 gationis
901 1663 1182 1740 synodalia
1245 1657 1476 1716 concilia
1543 1651 1914 1709 blandiantur.
1988 1641 2175 1713 Neque

590 1735 822 1824 cccxvnt
867 1759 976 1814 illis
1015 1751 1289 1826 episcopis
1335 1743 1736 1820 quantumlibet
1769 1735 2042 1809 copiosior
2075 1750 2176 1788 ou-

578 1851 776 1912 'merus
807 1850 1150 1910 sacerdotum
1180 1844 1264 1899 vel
1285 1852 1602 1912 comparare
1627 1850 1685 1891 se
1706 1833 1902 1888 audeat
1927 1828 2012 1882 vel
2042 1842 2178 1898 prae-

593 1950 756 2016 Ierre,
815 1961 939 2002 cum
983 1949 1139 2010 tanto
1190 1935 1454 1993 divinitus
1504 1928 1788 2004 privilegio
1841 1923 2060 1978 Niccena
2111 1921 2183 1975 sit

595 2041 842 2116 synodus
867 2040 1212 2098 consecrata,
1245 2038 1329 2095 ut,
1364 2027 1480 2082 sive
1506 2041 1605 2096 per
1625 2020 1914 2094 pauciores
1941 2017 2056 2071 sive
2089 2029 2185 2086 per

594 2138 780 2210 plures
806 2127 1175 2204 ecclesiastica
1219 2121 1424 2196 judicia
1450 2117 1811 2179 celebrentur,
1855 2109 2004 2166 omni
2029 2106 2184 2180 peni-

601 2201 692 2286 ius
709 2225 1034 2284 auctoritate
1052 2201 1370 2277 sitvacuum
1395 2209 1660 2286 quidquid
1687 2208 1757 2263 ab
1781 2205 1996 2262 illorum
2022 2201 2188 2257 fuerit

601 2319 992 2380 constitutione
1020 2315 1319 2371 diversum.
1361 2327 1380 2360 ι

672 2415 816 2471 Idem
848 2410 976 2467 alibi
1017 2427 1032 2464 :
1089 2426 1107 2458 ‹
1141 2403 1351 2470 Sancti,
1404 2398 1616 2471 inquit,
1649 2395 1727 2452 illi
1758 2402 1812 2450 et
1852 2386 2190 2446 venerabiles

603 2509 793 2566 Patres
823 2505 918 2576 qui
957 2503 1012 2557 in
1042 2499 1176 2555 urbe
1202 2497 1442 2560 Nic-.ena,
1472 2491 1740 2562 sacrilego
1767 2486 1898 2542 Ario
1924 2499 2053 2540 cum
2089 2495 2191 2536 sua

607 2603 884 2674 impietate
910 2599 1188 2661 damnato,
1215 2606 1508 2648 mansuras
1534 2601 1709 2658 usque
1740 2585 1796 2638 in
1819 2584 1979 2637 tinem
2001 2575 2192 2632 mundi

607 2697 754 2769 leges
787 2690 1289 2751 ecclesiasticarum
1324 2697 1599 2742 canonum
1634 2677 2017 2739 condiderunt,
2049 2669 2194 2742 apud

609 2805 712 2846 nos
735 2788 879 2843 intra
913 2785 1100 2841 orbem
1141 2791 1415 2837 terrarum
1456 2777 1510 2830 in
1555 2772 1671 2830 suis
1710 2763 2194 2827 constitutionibus

609 2883 830 2949 vivunt;
859 2887 912 2936 et
937 2877 982 2934 si
1005 2874 1138 2947 quid
1162 2886 1394 2944 nsquam
1423 2869 1582 2924 aliter
1620 2879 1786 2936 quam
1821 2859 1926 2932 ipsi
1955 2866 2196 2915 statuere

611 2972 984 3048 praesumitur,
1016 2969 1134 3026 sine
1167 2963 1515 3021 cunctatione
1545 2967 1814 3016 cassatur.
1855 2973 1872 3006 ι

686 3067 766 3123 Ex
797 3065 886 3121 his
926 3078 1056 3136 ergo
1091 3059 1342 3130 colligere
1379 3069 1676 3127 possumus
1725 3063 1890 3120 quam
1925 3043 2198 3101 indubita-

617 3163 778 3218 bilem
815 3156 1176 3216 reverentiam
1205 3151 1444 3208 Nicrenis
1487 3145 1792 3205 canonibus
1817 3141 2020 3214 jugiter
2046 3137 2196 3194 exhi-

615 3259 746 3312 bere
787 3255 1102 3308 debeamus.
1145 3245 1300 3318 Apud
1351 3259 1453 3300 nos
1493 3250 1674 3298 autem
1723 3238 1942 3292 Nicreno
1971 3231 2202 3290 concilio

619 3346 814 3418 viginti
864 3343 1042 3413 capita
1093 3338 1446 3395 ascribuntur
1473 3376 1488 3402 ,
1530 3330 1784 3404 quamvis
1824 3326 1996 3382 multo
2047 3323 2204 3394 plura

604 3439 768 3517 illius
797 3427 1014 3490 concilii
1033 3431 1210 3501 capita
1231 3426 1589 3498 reperiantur.
1624 3419 2027 3475 Antiochenam
2057 3414 2204 3468 enim

624 3528 915 3584 concilium
940 3567 954 3590 ,
983 3527 1048 3579 de
1075 3521 1307 3585 Pascha,
1346 3517 1418 3572 ibi
1465 3513 1660 3570 asserit
1702 3511 2014 3566 institutum
2051 3519 2116 3561 ne
2153 3505 2207 3560 in

626 3638 719 3676 xw
749 3621 879 3674 luna
911 3621 1059 3689 {cum
1087 3612 1291 3668 Judteis
1329 3609 1655 3672 celebretur,
1687 3613 1746 3660 ut
1769 3599 2208 3658 Tessarcsczede-

607 3705 840 3780 Icaditm,
888 3711 941 3766 id
971 3718 1074 3774 est,
1107 3701 1588 3775 Quartadecimani
1619 3699 1858 3764 faciunt;
1906 3694 2002 3766 qui
2040 3692 2207 3748 etiam

629 3808 757 3864 inde
788 3819 986 3863 nomen
1020 3817 1133 3858 sure
1171 3797 1369 3856 haeresi
1405 3794 1786 3852 condiderunt.
1820 3789 1951 3845 Item
1989 3794 2212 3842 sanctus

634 3899 970 3958 Athanasius
993 3893 1303 3968 patriarcha
1331 3887 1752 3952 Alexandrinus,
1783 3885 1878 3956 qui
1907 3885 1960 3937 in
1992 3879 2212 3936 Nicaano

630 3993 864 4052 concilio
893 3989 1133 4046 nondum
1157 3986 1467 4058 episcopus,
1493 3981 1586 4038 sed
1609 3979 1922 4052 episcopatu
1945 3976 2058 4047 jam
2084 3983 2216 4028 tunc

633 4085 989 4159 dignissimus
1034 4077 1300 4145 interfuit,
1341 4075 1508 4132 Felici
1547 4089 1704 4146 papa:
1729 4071 1979 4130 scribens
2019 4065 2218 4123 asserit

631 4179 780 4252 quod
810 4163 1010 4232 Nicmni
1038 4175 1227 4229 Patres
1268 4169 1706 4236 constituerunt,
1736 4165 1880 4222 sicut
1916 4171 1970 4217 et
2003 4176 2106 4216 nos
2133 4177 2221 4215 su-

632 4289 731 4343 pra
761 4270 1066 4334 retulimus,
1091 4282 1159 4322 ne
1187 4264 1420 4320 concilia
1451 4263 1658 4332 absque
1694 4267 1962 4315 sententia
1985 4251 2220 4310 Romani

633 4363 910 4436 pontificis
934 4361 1294 4417 celebrentur.
1329 4355 1460 4411 Item
1501 4354 1754 4410 Zositnns
1783 4366 1920 4422 papa
1942 4351 2008 4404 de
2035 4346 2221 4418 appel-

637 4455 934 4513 lationibus
967 4453 1350 4524 episcoporum
1389 4457 1650 4504 statutum
1683 4442 1968 4501 alﬁrmavit
1991 4443 2046 4496 in
2085 4455 2236 4496 eom—
2267 4427 2313 4482 Ι)
2338 4431 2532 4489 deinde
2577 4424 2954 4492 Occidentales

638 4547 936 4605 tnonitorio
983 4545 1130 4616 quod
1175 4542 1368 4614 legatis
1412 4542 1528 4597 suis
1559 4541 1625 4595 ad
1667 4528 1986 4593 Africanum
2035 4533 2222 4590 conci-

639 4642 776 4696 lium
817 4638 1052 4705 direxit;
1095 4635 1337 4693 Afrieani
1373 4645 1554 4689 tamen
1584 4631 1772 4687 Patres
1803 4647 1861 4686 se
1895 4630 1999 4684 hoc
2027 4628 2082 4683 in
2107 4627 2222 4684 suis

642 4731 1046 4803 exemplaribus
1095 4744 1204 4784 non
1241 4727 1515 4784 invenisse
1559 4723 1840 4798 protestati
1892 4731 2039 4779 sunt.
2091 4720 2225 4788 Quae

645 4825 834 4894 utique
862 4822 1189 4893 exemplaria
1218 4836 1324 4876 non
1349 4819 1454 4876 nisi
1481 4819 1669 4892 viginti
1697 4819 1874 4888 capita
1898 4818 2223 4880 habuerunt,

647 4917 792 4974 sicut
833 4924 887 4970 et
914 4915 1006 4970 illa
1047 4930 1170 4984 qua:
1215 4913 1316 4982 ipsi
1358 4921 1546 4983 postea
1605 4913 1676 4966 ab
1709 4909 2077 4967 Orientalibus
2109 4909 2227 4978 cpi-

630 5007 832 5078 _scepis
891 5022 992 5078 pro
1050 5006 1376 5062 auctoritate
1423 5013 1828 5060 tnutuaverunt.
1875 5004 2005 5058 Item
2053 5002 2232 5057 Julius

637 5115 796 5170 .aapa
819 5108 1010 5169 praeter
1033 5099 1222 5169 viginti
1247 5098 1402 5168 plura
1427 5097 1503 5151 illi
1529 5097 1763 5152 concilio
1784 5094 2012 5150 ascribit
2029 5093 2231 5162 capita,

645 5205 777 5273 qua:
828 5197 1011 5244 tamen
1062 5188 1114 5242 in
1158 5188 1401 5258 antiquis
1447 5188 1810 5245 decretalibus
1855 5184 2230 5241 Romanorum

657 5280 946 5312 nmmo-slum
978 5280 1323 5312 nonnon-iunium

1375 5278 1516 5312 unda
1553 5279 1606 5312 in
1637 5277 1912 5312 Ninounnl’n
1937 5275 2228 5312 nant-ilium

2253 424 2444 484 Patres
2481 424 2571 480 illa
2611 428 2824 476 tantum
2873 412 3031 486 quasi
3084 407 3375 481 specialius
3417 401 3731 458 instituisse
3771 396 3837 453 Ie-

2255 529 2488 592 guntur;
2512 515 2723 584 reliqua
2743 523 2893 574 vero,
2925 519 3100 575 usque
3117 501 3186 556 ad
3206 495 3586 570 septuaginta,
3615 507 3727 546 non
3747 499 3842 544 tam

2255 585 2361 684 ipsi
2389 605 2763 681 principaliter
2792 597 3098 656 instituisse
3125 607 3290 664 quam
3317 589 3388 644 ab
3419 587 3552 642 aliis
3578 585 3700 654 jam
3731 596 3846 636 eou-

2258 673 2510 758 Iirmasse
2537 673 2785 752 instituta
2821 689 3164 760 reperiuntur
3197 702 3211 738 :
3245 679 3382 736 Nam
3422 676 3601 760 Osius
3657 673 3850 729 Cordu-

2259 791 2447 849 bensis
2470 788 2781 860 episcopus,
2807 757 3025 836 aliunde
3051 777 3140 832 illa
3161 784 3448 830 mutuasse
3473 785 3492 822 (
3509 776 3534 822 t
3561 757 3621 821 in
3662 763 3852 837 synodo

2263 884 2522 940 recitasse
2551 879 2767 949 legitur.
2800 872 2935 927 Erat
2977 869 3124 925 enim
3167 862 3515 922 consuetudo
3549 851 3852 914 sanctorum

2264 978 2487 1034 Patrum
2521 975 2574 1030 in
2605 967 2924 1040 hujusmodi
2952 962 3222 1028 consiliis,
3253 976 3366 1015 non
3407 957 3598 1012 solum
3652 949 3857 1024 propria

2267 1071 2573 1136 instituere,
2591 1065 2686 1122 sed
2717 1064 2949 1119 aliorum
2975 1066 3178 1114 statuta
3205 1056 3446 1110 ﬁrmare.
3475 1051 3650 1105 Multa
3676 1049 3859 1118 quippe

2269 1167 2322 1222 in
2357 1165 2464 1220 illis
2493 1159 2778 1224 ventilare,
2809 1165 2865 1211 et
2899 1153 3152 1209 ventilata
3178 1155 3517 1220 pertractare
3573 1156 3860 1198 consuesc-

2271 1265 2427 1322 runt;
2455 1267 2578 1324 qua:
2624 1261 2806 1306 tamen
2859 1242 3234 1302 ecclesiastica
3287 1234 3640 1294 consuetudo
3689 1247 3861 1288 eorum

2272 1342 2564 1417 specialius
2593 1339 2814 1397 statutis
2853 1346 3245 1391 annumerasse
3299 1343 3410 1382 non
3463 1322 3766 1396 reperitur.
3789 1319 3864 1375 Sic

2275 1436 2461 1506 utique
2490 1431 2936 1488 Chalcedonense
2977 1423 3272 1481 concilium
3304 1419 3480 1474 multa
3528 1431 3625 1486 per
3691 1413 3865 1486 viginti

2275 1532 2390 1586 dies
2423 1537 2786 1604 pertracrassc
2806 1531 2860 1578 et
2887 1519 3244 1575 conﬁrmasse
3276 1514 3506 1586 legitur:
3539 1510 3636 1566 cui
3670 1519 3866 1562 tantum

2277 1619 2619 1678 selonnnodo
2652 1596 2814 1670 unius
2843 1612 2949 1667 diei
2973 1617 3173 1665 statuta
3195 1607 3454 1662 videntur
3505 1600 3775 1670 ascripta.
3803 1596 3868 1652 Ita

2211 1697 2254 1752 Β
2280 1727 2408 1786 ergo
2437 1723 2490 1768 et
2517 1709 2737 1766 Nic-tene
2766 1703 2998 1761 conc-ilio
3028 1717 3128 1757 sua
3161 1695 3423 1772 specialia
3475 1701 3688 1748 statuta
3733 1705 3847 1743 cem

2284 1785 2524 1880 patenter
2549 1801 2898 1866 ascribimns,
2933 1812 3033 1852 nec
3057 1806 3238 1850 tamen
3265 1785 3617 1846 attestationi
3664 1794 3874 1838 sanae-

2281 1879 2404 1962 rum
2439 1901 2656 1956 Patrum
2708 1897 2774 1954 de
2804 1890 3147 1967 septuaginta
3192 1885 3468 1958 capitibus
3510 1879 3878 1938 contradicere

2283 2003 2565 2060 debemus.

2355 2099 2654 2170 Pranlietus
2683 2093 2848 2152 etiam
2869 2089 3034 2148 Osins
3063 2099 3118 2146 ct
3145 2081 3444 2143 Ianuarius
3469 2069 3883 2136 Beneventanus

2285 2195 2574 2268 episcopus
2593 2207 2659 2246 ex
2683 2187 2951 2260 legatione
2976 2183 3124 2240 sedis
3143 2178 3460 2252 apostolica-
3487 2175 3685 2232 eadem
3713 2172 3882 2242 capita

2288 2289 2345 2344 in
2378 2280 2690 2341 Sardiccnsi
2751 2275 2986 2334 concilio
3044 2283 3234 2344 postea
3284 2269 3543 2325 lirlnasse
3605 2264 3876 2336 leguntur.

2289 2387 2488 2442 Beatus
2512 2394 2730 2454 quoque
2760 2375 2999 2432 Isidorus
3022 2371 3077 2426 in
3107 2367 3333 2440 prologo
3361 2381 3464 2420 suo
3485 2365 3556 2418 de
3585 2357 3884 2416 canonibus

2291 2475 2649 2549 quarstionmn
2675 2465 3021 2539 septuaginta
3051 2460 3290 2531 capitum
3325 2469 3453 2512 cum
3511 2449 3885 2524 magnitudine

2293 2569 2538 2641 ejusdem
2570 2561 2785 2621 concilii
2812 2557 2934 2614 libri
2961 2563 3208 2618 excusat,
3240 2565 3406 2622 quem
3447 2545 3612 2600 libris
3667 2553 3890 2614 quatuor

2294 2657 2711 2729 Evangeliorum
2742 2650 2884 2722 apud
2907 2648 3128 2704 Grzecos
3171 2656 3327 2714 aeque
3353 2655 3626 2711 magnum
3649 2635 3888 2692 allii-mat.

2297 2748 2591 2807 Sciendum
2632 2754 2812 2801 autem
2844 2739 2990 2812 quod
3029 2739 3082 2792 in
3114 2735 3326 2790 Latinis
3353 2727 3886 2801 exemplarihusnon

2296 2843 2542 2901 omnium
2569 2852 2802 2894 cccxvm
2840 2832 3063 2887 Patrum
3115 2826 3340 2883 nomina
3399 2821 3756 2893 reperiuntur
3799 2809 3890 2888 qui

2300 2941 2480 2992 tamen
2513 2933 2568 2987 in
2592 2930 2813 2986 Nicaeno
2835 2923 3067 2982 concilio
3102 2919 3588 2989 subscripserunt:
3617 2929 3743 2969 nam
3781 2922 3892 2967 stu-

2227 3063 2269 3122 C
2301 3027 2442 3084 diosi
2475 3024 2616 3080 servi
2651 3021 2770 3088 Dei,
2805 3027 2862 3074 ut
2891 3015 3109 3088 legitur,
3134 3027 3243 3068 non
3304 3019 3421 3064 tam
3471 3005 3889 3062 Occidentalium

2307 3139 2470 3194 quam
2494 3118 2848 3177 Orientalium
2881 3113 3104 3168 Patrum
3136 3107 3360 3164 nomina
3390 3105 3747 3160 conscribere
3795 3111 3894 3155 stu-

2305 3192 2580 3280 duerunt;
2623 3209 2752 3282 quia
2772 3203 3150 3261 Occidentales
3179 3214 3290 3256 non
3337 3197 3605 3252 similiter
3654 3192 3896 3267 quaestio-

2306 3323 2430 3363 nem
2456 3307 2522 3362 de
2547 3303 2848 3361 luercsibus
2871 3299 3202 3354 habuerunt.

2379 3400 2690 3456 Secundum
2741 3406 2920 3451 autem
2980 3391 3198 3446 iilorum
3249 3397 3495 3460 quatuor
3523 3385 3893 3444 conciliorum,

2306 3488 2988 3560 Constatttinopolitanum,
3047 3499 3078 3537 a
3139 3497 3202 3536 CL
3250 3479 3512 3534 Pati-ibus
3553 3477 3801 3531 habitum
3829 3482 3896 3528 est

2308 3597 2499 3644 contra
2552 3583 2928 3640 Macedoninm
2993 3579 3140 3635 illius
3205 3575 3353 3632 sedis
3404 3575 3761 3646 episc0pum,
3820 3575 3896 3642 qui

2312 3684 2576 3756 Spiritum
2601 3691 2847 3738 sanctum
2872 3678 3040 3734 Deum
3064 3690 3186 3731 esse
3211 3672 3468 3744 negabat,
3493 3687 3606 3726 tera
3632 3685 3880 3726 ccccmu

2313 3731 2576 3756 -ιν--η-η-
2601 3731 2846 3738 -η--η-ηη
2873 3731 2890 3732 η
2924 3731 2938 3734 ν
3013 3731 3016 3732 ν
3281 3731 3312 3744 ν
3454 3731 3465 3737 ,

2311 3789 2554 3846 tempore
2579 3771 2823 3829 Gratiani
2867 3779 2921 3824 et
2965 3766 3258 3822 Theodosri
3303 3763 3650 3834 principum,
3702 3731 3898 3814 Damasi

2299 3888 2499 3944 paper,
2553 3869 2740 3942 Cyrilli
2797 3861 3298 3936 Hierosolymitani,
3363 3857 3610 3914 Nectarii
3656 3856 3904 3912 Constan-

2312 3957 2692 4032 1inopolitani,
2748 3952 3021 4008 Timothei
3079 3946 3456 4004 Alexandrini.
3513 3944 3575 4000 In
3621 3960 3737 4014 quo
3783 3956 3902 3996 ma-

2317 4059 2475 4123 cilio,
2507 4049 2886 4110 condemnatis
2937 4045 3196 4102 omnibus
3250 4040 3580 4107 hzeresibus,
3613 4037 3903 4110 symbolum

2318 4155 2553 4212 traditur
2573 4166 2686 4224 quo
2707 4158 2820 4206 tota
2852 4146 3166 4203 Graecorum
3204 4149 3259 4197 et
3289 4140 3622 4196 Latinorum
3652 4135 3907 4194 confessi»

2322 4252 2378 4308 in
2405 4245 2666 4304 Ecclesiis
2694 4241 2858 4298 modo
2895 4239 3090 4304 utitur,
3122 4245 3345 4304 tresque
3373 4233 3449 4288 ibi
3488 4246 3736 4288 canones
3765 4227 3906 4284 insti—

2321 4348 2574 4398 tuuntur.
2606 4334 2722 4390 [Ioc
2745 4347 2877 4404 ergo
2927 4327 3235 4402 symbolum
3281 4322 3598 4380 Orientales
3655 4322 3907 4393 primum,

3017 4420 3364 4490 frequentare
3415 4424 3728 4486 coeperunt.
3775 4412 3911 4468 Unde

2329 4521 2506 4589 sancti
2537 4518 2727 4574 Patres
2758 4517 2815 4570 in
2858 4521 3055 4586 quarto
3091 4509 3356 4565 Toletano
3378 4508 3623 4564 concilio
3673 4505 3912 4562 statuisse

2328 4623 2614 4696 leguntur,
2647 4630 2894 4690 tempore
2929 4616 3146 4673 tandem
3174 4613 3376 4685 Pelagii
3407 4628 3588 4684 papae,
3621 4621 3683 4666 ut
3701 4611 3762 4666 in
3780 4608 3915 4665 muni

2333 4717 2618 4772 Dominica
2647 4714 2972 4769 recitaretur
3005 4709 3058 4764 in
3091 4706 3344 4764 ecclesiis
3385 4721 3544 4760 more
3572 4703 3913 4760 Orientalium

2333 4813 2726 4870 Eeclesiarum.
2761 4807 2967 4863 Deinde
3001 4803 3138 4862 Galli
3161 4811 3217 4858 et
3246 4801 3511 4858 Germani
3545 4817 3613 4856 ex
3641 4800 3914 4856 traditione

2334 4907 2578 4978 ejusdem
2610 4901 2829 4959 concilii
2856 4901 3038 4971 ipsum
3094 4905 3378 4952 mutuasse
3443 4894 3768 4959 creduntur,
3808 4905 3912 4948 cum

2332 4998 2578 5054 eamdem
2629 4992 3043 5050 translationem
3089 4999 3146 5046 et
3193 4989 3375 5045 adhuc
3447 5004 3594 5059 pene
3639 4987 3798 5058 sequi
3847 4985 3913 5038 vi-

2331 5088 2582 5144 deantur.
2607 5085 2744 5142 Nam
2775 5093 2900 5156 post
2919 5082 3325 5139 damnationem
3351 5078 3554 5134 Felicis
3589 5077 3847 5141 hmretiei,
3867 5083 3914 5128 ut

2331 5181 2546 5252 legitur,
2570 5180 2790 5236 tandem
2809 5177 2912 5234 sub
2935 5175 3134 5231 Carolo
3153 5175 3482 5242 imperatore
3504 5171 3613 5226 hoc
3633 5171 3692 5224 in
3707 5183 3814 5224 usu
3833 5167 3915 5220 In—

2333 5274 2462 5312 Imrn
2510 5281 2793 5312 nmnnrnnt
2855 5279 3079 5312 nrnntm'
3128 5265 3416 5312 hmretir-ns
3462 5264 3616 5312 illius
3649 5257 3912 5312 temnoris.
