3986 5312
133 348 252 406 1201

1012 321 1305 394 aerario.
1349 329 1436 388 tu.
1473 359 1548 372 -
1585 321 2021 383 nonnum“
2059 317 2526 380 caenosum.

3255 321 3398 378 1202

128 475 222 527 ων,
265 461 449 531 ipsum
483 457 645 514 etiam
680 453 986 528 symbolum
1011 467 1138 507 eum
1189 443 1284 506 tali
1335 447 1705 503 additamenta
1734 441 1778 498 Α
1805 435 1938 531 scha
1967 435 2124 531 silius
2148 445 2209 531 ft
2227 433 2525 531 ξιιιοεηιίυε
2547 435 2881 509 episcopis?!
2903 435 3218 495 Βοηίΐῦοἰιιδ
3240 454 3397 510 pres-

129 557 336 611 recitart
370 552 702 608 venerabilis
735 549 847 604 Leo
876 562 1015 619 papa
1041 546 1134 600 illo
1157 554 1400 614 tempore
1429 534 1710 611 prohibuit

129 666 182 703 eo
233 645 380 718 quod
440 643 616 700 sancti
645 641 836 697 Patres
887 636 1200 708 hujusmodi
1254 634 1612 704 adjectionem
1655 628 1708 682 in

129 741 383 816 symbolis
434 739 654 811 penitus
716 734 1114 808 prohibuerint.
1183 728 1415 786 Romani
1491 737 1710 798 quoque

128 854 292 911 usque
314 839 386 894 ad
418 847 662 910 tempora
689 834 828 890 divae
849 828 1128 887 memoria:
1158 823 1376 881 llenriei
1403 823 1564 896 primi
1605 821 1710 876 im-

134 935 385 1009 peratoris
421 949 488 990 eo
509 931 756 1004 symbolo
798 927 875 984 uti
907 926 1217 982 uoluerunt.
1249 921 1356 978 Sed
1409 919 1548 975 idem
1605 916 1708 971 im—

135 1025 474 1097 peratorhoc
511 1041 541 1078 a
585 1020 837 1076 Romano
891 1015 1148 1088 pontiﬁce
1175 1009 1504 1082 impetravit,
1535 1017 1593 1064 ut
1654 1018 1710 1064 et

135 1112 353 1169 Romani
381 1111 535 1176 illud,
570 1123 724 1163 more
763 1106 1020 1172 aliorum,
1051 1105 1423 1166 decantarent,
1453 1101 1596 1156 sicut
1615 1113 1708 1152 ve-

137 1203 397 1260 nerandus
421 1201 595 1258 abbas
621 1197 803 1254 Berno
829 1195 1130 1253 testaturin
1153 1194 1294 1250 libro
1318 1209 1420 1250 suo
1445 1191 1521 1249 De
1550 1191 1707 1248 insti-

136 1299 329 1353 tut'oue
360 1297 680 1352 missarum.
865 1307 892 1328 ⁶

191 1390 450 1458 Quamvis
475 1397 656 1443 autem
680 1385 960 1443 Nicaenum
987 1385 1292 1458 symbolum
1324 1383 1548 1456 majoris
1570 1395 1704 1438 auc-

137 1483 350 1538 toxitatis
379 1498 502 1538 esse
535 1481 784 1536 videatur
817 1495 982 1551 quam
1017 1477 1702 1548 Constantinopolitanum,

138 1592 221 1629 nos
247 1585 424 1629 tamen
455 1573 1126 1644 Constantiuopoiitanum
1173 1573 1348 1642 magis
1371 1571 1424 1624 in
1463 1568 1702 1624 Ecclesia

137 1683 232 1722 non
292 1666 568 1722 immerito
631 1665 1064 1735 frequentamus.
1115 1662 1250 1718 Nam
1306 1664 1360 1717 in
1399 1663 1492 1718 illo
1547 1663 1703 1732 plura

136 1768 305 1814 contra
375 1759 666 1814 hmreticos
729 1757 1040 1813 necessaria
1094 1773 1258 1827 quam
1340 1757 1395 1810 in
1482 1753 1704 1809 Nicmno

137 1850 447 1920 reperimus,
480 1852 612 1922 quia
656 1859 848 1906 contra
907 1850 1143 1904 Ariatzos
1205 1849 1510 1920 specialiter
1566 1847 1697 1917 agit.

139 1940 230 1998 Nec
293 1951 372 1997 tot
451 1943 758 1998 lueresibus
833 1951 970 2013 quot
1028 1941 1700 2012 Constantinopolitanum

138 2035 237 2090 suis
293 2035 580 2091 sententiis
627 2035 884 2090 obviavit.
951 2034 1008 2089 In
1062 2035 1154 2090 illo
1178 2035 1322 2089 enim
1371 2036 1438 2089 de
1491 2037 1702 2090 unitate

141 2125 368 2183 Ecclesia:
390 2128 506 2183 sive
522 2128 799 2197 baptismi,
823 2127 890 2182 de
911 2128 1312 2183 resurrectione
1338 2137 1698 2194 mortuorum,

139 2229 182 2274 et
203 2221 302 2276 vita
332 2219 504 2276 futuri
535 2221 722 2277 sreculi
760 2221 1014 2286 habetur,
1046 2221 1194 2290 quod
1245 2221 1300 2274 in
1331 2219 1551 2275 Nirzeuo
1593 2237 1701 2277 non

141 2317 403 2386 reperitur.
430 2315 657 2373 Plenius
679 2317 845 2372 etiam
871 2317 982 2387 agit
1003 2317 1070 2372 de
1097 2317 1302 2388 Spiritu
1327 2328 1516 2374 sancto
1535 2334 1701 2390 quam

141 2405 424 2477 Niczenum;
453 2410 600 2465 unde
621 2420 674 2466 et
705 2411 1044 2466 nostratibus
1067 2411 1417 2481 potissimum
1440 2412 1494 2465 in
1538 2428 1700 2468 usum

142 2501 328 2556 venisse
377 2501 664 2558 asseritur.
703 2501 998 2558 Sciendum
1057 2512 1240 2558 autem
1293 2504 1423 2575 quia
1461 2519 1560 2560 nos
1591 2519 1701 2560 non

141 2591 293 2646 solum
313 2609 514 2649 nomen
539 2592 659 2648 Filii
679 2595 744 2650 de
764 2610 876 2665 quo
898 2594 1268 2665 prtediximus,
1289 2597 1382 2653 sed
1405 2599 1572 2653 multa
1596 2599 1702 2654 alia

143 2684 185 2740 in
213 2687 389 2743 eodem
429 2689 711 2760 symbolo,
746 2691 1018 2761 praecipue
1056 2705 1122 2746 ex
1170 2690 1389 2748 Niezeno
1430 2693 1698 2765 symbolo,

143 2780 351 2850 adjicere
393 2783 660 2850 solemus,
691 2790 771 2850 ut,
809 2782 974 2838 Deum
1021 2784 1086 2838 de
1123 2783 1253 2850 Deo,
1281 2784 1456 2839 (unum
1497 2785 1560 2839 de
1613 2785 1700 2840 lu-

142 2872 285 2936 mine;
336 2873 388 2928 in
435 2870 551 2945 quo
586 2884 769 2930 tamen
820 2889 929 2930 non
983 2875 1119 2930 adeo
1159 2877 1526 2945 peccavimus,
1575 2893 1700 2932 cum

145 2961 360 3022 Romana
402 2966 649 3023 Ecclesia
689 2968 804 3039 jam
864 2985 973 3024 non
1016 2968 1380 3034 contradicat,
1413 2969 1523 3024 imo
1575 2987 1701 3026 cum

142 3067 187 3114 et
225 3063 330 3132 ipsa
371 3063 687 3134 hujasmodi
733 3064 1068 3136 adjectioues
1105 3063 1396 3120 admittere
1447 3081 1556 3120 non
1611 3081 1699 3120 re-

145 3166 276 3213 nuat.

200 3249 422 3307 Tertium
467 3269 600 3310 vero
653 3251 962 3310 universale
990 3253 1281 3310 concilium
1311 3253 1514 3326 Ephesi
1543 3255 1702 3311 babi-

143 3352 238 3400 tum
259 3358 334 3404 est
362 3367 389 3403 a
419 3366 481 3405 cc
513 3349 767 3408 Patribus
795 3359 989 3406 contra
1017 3349 1328 3406 Nestorium
1384 3351 1703 3408 Constanti-

144 3439 485 3507 nopolitanum
517 3441 831 3514 episcopum
849 3485 863 3510 ,
889 3443 982 3514 qui
1011 3442 1224 3498 dicebat
1255 3441 1311 3498 S.
1332 3442 1558 3501 Mariam
1587 3443 1706 3500 Vir-

144 3528 294 3598 ginem
317 3549 420 3588 non
445 3533 563 3602 Dei,
579 3536 670 3590 sed
695 3536 934 3592 hominis
965 3536 1340 3598 tantummodo
1360 3537 1701 3608 genitricem,

146 3629 193 3674 ut
214 3623 363 3679 aliam
394 3642 687 3696 personam
745 3627 950 3694 carnis,
982 3629 1146 3682 aliam
1203 3626 1408 3684 faceret
1460 3630 1701 3700 deitatis,

145 3724 234 3766 arra
259 3731 567 3784 ccccuvm,
599 3728 843 3789 tempore
874 3717 1168 3774 Theodosii
1196 3716 1461 3787 iunioris,
1495 3721 1552 3776 S.
1587 3720 1706 3777 Cm-

147 3805 301 3865 lestini
327 3829 495 3884 papae,
519 3815 704 3885 Cyrilli
729 3815 1102 3880 Alexandrini,
1131 3814 1407 3871 iuvenalis
1429 3817 1704 3873 Constan-

148 3907 458 3978 tinopolitani
485 3911 1034 3986 [liierosolymitani].
1059 3912 1116 3967 In
1137 3928 1247 3983 quo
1259 3913 1492 3970 concilio
1513 3924 1704 3970 contra

148 3993 427 4059 Nestorium
464 4005 753 4060 duodecim
782 4005 960 4074 capita
991 4005 1242 4059 instituta
1271 4014 1419 4072 sunt,
1456 4021 1577 4076 quae
1604 4021 1705 4062 sa:-

149 4090 346 4158 pissime
367 4095 425 4151 Β.
457 4097 661 4170 Cyrillo
689 4099 1060 4153 ascribuntur.
1110 4097 1248 4152 Huic
1304 4099 1514 4170 synodo
1543 4099 1704 4170 legali

151 4183 273 4240 sedis
321 4190 628 4258 apostolica:
663 4187 805 4245 idem
835 4189 1092 4262 Cyl-illus,
1119 4198 1173 4245 et
1200 4188 1468 4246 Arcadius
1495 4191 1707 4262 episco-

150 4292 237 4372 pus
258 4297 320 4337 ex
347 4281 496 4340 Italia
543 4286 662 4342 vice
693 4285 750 4342 S.
782 4285 1062 4341 leesttni
1093 4302 1243 4356 papm
1269 4285 1622 4356 pnefuerunt,
1651 4299 1706 4345 et

151 4379 301 4433 Ipsam
352 4373 646 4440 apostolica
699 4372 1022 4427 auctoritate
1050 4372 1461 4426 roboraverunt.
1493 4372 1572 4428 Ad
1603 4373 1706 4428 hoc

1813 529 1965 601 byter
1993 528 2112 584 vice
2143 528 2202 598 S,
2228 527 2426 586 Leonis
2447 545 2600 601 papa:
2623 531 2990 602 prmfuerunt;
3011 532 3104 602 qui
3133 540 3399 588 etstatuta

1809 625 1958 680 illius
1989 626 2181 698 synodi
2211 626 2658 692 lirmaverunt,et
2677 627 2938 698 praedicto
2959 627 3214 682 Anatolio
3241 627 3402 698 quid-

1809 720 1936 776 dam
1969 724 2170 776 temere
2199 721 2553 793 praesumenti
2583 722 2638 778 in
2667 723 2877 794 synodo
2922 722 3217 778 liberaliter
3263 739 3429 804 con-3

1811 817 2168 872 tradixerunt.
2203 815 2278 872 De
2302 817 2406 872 hoc
2434 815 2666 872 concilio
2695 817 2850 872 multi
2875 826 3064 888 postea
3117 816 3420 904 dubitaven

1807 919 1968 979 runt,
2018 920 2075 966 et
2103 921 2164 967 ut
2210 920 2600 966 retraetaretur
2632 911 2965 968 omnimodis
3018 912 3231 968 cliicere
3286 922 3402 968 stu-

1808 1005 2065 1062 duerunt.
2095 1005 2222 1074 Sed,
2253 1005 2385 1078 quia
2409 1006 2510 1061 hoc
2531 1021 2878 1076 nequaquam
2903 1021 2932 1060 a
2964 1005 3024 1060 Β.
3060 1005 3241 1062 Leone
3263 1021 3401 1078 papa

1809 1093 2243 1162 permittebatur,
2271 1093 2488 1147 tandem
2518 1091 2587 1146 ab
2615 1092 2943 1163 imperatore
2971 1091 3402 1163 impetraverunt

1809 1199 1868 1244 ut
1922 1205 2020 1261 per
2057 1189 2343 1244 universas
2389 1187 2701 1258 provincias
2741 1187 2808 1242 ad
2865 1201 3059 1243 omnes
3113 1187 3335 1258 episcop
3373 1203 3401 1244 s

1807 1286 1901 1356 qui
1928 1284 2270 1342 Chalcedone
2294 1293 2664 1339 convenerant
2702 1282 2912 1340 litteras
2951 1283 3230 1355 dirigeret,
3277 1283 3402 1355 qui-

1807 1387 1911 1442 bus
1943 1401 2136 1441 eorum
2161 1384 2486 1440 sententiam
2509 1385 2576 1441 de
2595 1385 2785 1441 eodem
2815 1386 3049 1442 concilio
3071 1387 3398 1458 exploraret.

1807 1477 1912 1545 Qui
1931 1491 2126 1533 omnes
2151 1476 2484 1532 unanimiter
2516 1476 2920 1548 rescripserunt
2951 1477 3398 1536 Chalcedonense

1806 1570 2101 1626 concilium
2175 1584 2351 1640 usque
2414 1569 2484 1626 ad
2539 1569 2863 1642 sanguinem
2925 1586 3048 1628 esse
3096 1568 3395 1628 defenden-

1797 1661 1962 1718 dum.

1875 1753 2080 1810 Prmter
2123 1754 2242 1811 haec
2285 1763 2467 1811 autem
2537 1755 2790 1827 quintum
2851 1758 3162 1815 universale
3213 1758 3401 1816 conci-

1804 1847 1937 1902 lium
1993 1846 2467 1919 Constantinopoli
2516 1849 2715 1920 legitur
2765 1861 3154 1922 congregatum
3207 1860 3400 1908 contra

1801 1957 1994 1998 omnes
2065 1942 2382 2009 haereticos,
2462 1951 2518 1998 et
2585 1943 2823 2000 maxime
2878 1953 3072 2000 contra
3145 1942 3400 2000 Theodo-

1803 2050 1926 2088 rum
1962 2033 2430 2104 Mopsuestenum,
2455 2034 2550 2106 qui
2608 2035 2825 2091 dicebat
2853 2036 3024 2092 alium
3068 2052 3192 2092 esse
3224 2036 3397 2093 Deum

1804 2123 2064 2193 Verbum,
2092 2135 2147 2182 et
2189 2127 2358 2183 alium
2403 2127 2706 2194 Christum,
2745 2137 2801 2183 et
2849 2145 3065 2185 sacram
3109 2129 3391 2201 Virginem

1803 2217 1900 2272 Dei
1915 2219 2144 2290 negabat
2165 2221 2506 2292 genitricem,
2531 2229 2778 2292 tempore
2796 2221 3094 2278 Justiniani
3112 2223 3396 2294 principis.

1804 2309 1984 2382 Vigilii
2034 2326 2210 2382 papze,
2235 2312 2424 2368 domni
2465 2312 2816 2374 Antiocheni.
2851 2313 3100 2386 Eutychii
3125 2314 3402 2370 Constan-

1803 2403 2168 2474 tinopolitani.
2201 2402 2260 2459 In
2323 2421 2435 2476 quo
2477 2405 2713 2460 concilio
2754 2405 3170 2476 quattuordecim
3222 2407 3401 2478 capita

1803 2494 1907 2550 sub
1930 2496 2279 2552 anathemate
2311 2497 2567 2568 leguntur
2599 2497 2867 2554 instituta.

1873 2609 2006 2665 item
2063 2621 2276 2667 sextum
2341 2609 2820 2683 Constantinopoli
2896 2612 3144 2668 habitum
3217 2622 3302 2669 est
3365 2629 3396 2668 a

1803 2719 1866 2758 cr.
1893 2703 2141 2774 (1058-9)
2169 2703 2421 2759 Patribus
2444 2711 2636 2759 contra
2669 2704 2968 2760 Macarium
2993 2705 3395 2760 Antiochenum

1803 2804 1857 2852 et
1891 2796 2072 2852 socios
2100 2796 2240 2866 ejus,
2289 2797 2384 2866 qui
2407 2813 2571 2851 unam
2594 2797 2927 2852 voluntatem
2951 2806 3004 2852 et
3025 2797 3396 2867 operationem

1805 2885 1860 2941 in
1909 2885 2132 2941 Christo
2185 2885 2326 2942 falso
2381 2887 2721 2952 asserebant,
2767 2898 3011 2956 tempore
3051 2887 3397 2942 Constantini
3495 2931 3520 2948 .

1803 2975 2087 3046 principis,
2118 2973 2423 3046 Agathonis
2449 2991 2620 3047 papze,
2648 2975 2865 3046 Georgii
2895 2975 3398 3047 Constantinopoli-

1803 3067 1938 3123 tani.
1965 3066 2022 3122 In
2043 3084 2154 3138 quo
2187 3068 2442 3136 concilio,
2481 3069 2740 3139 praedicto
2778 3067 3037 3136 Macario,
3069 3069 3200 3125 dum
3233 3061 3400 3124 dam;

1730 3147 1772 3204 C
1805 3166 2048 3225 naretur,
2105 3157 2408 3214 oratorium
2445 3157 2736 3232 [orarium]
2777 3175 2810 3214 a
2843 3160 3082 3230 quodam
3135 3161 3396 3232 episcopo

1761 3309 1774 3319 ,
1801 3250 1963 3320 jussu
1994 3251 2190 3322 synodi
2211 3249 2478 3319 aufertur,
2514 3260 2568 3308 et
2591 3252 2708 3323 ipse
2737 3267 2864 3308 cum
2910 3253 3242 3324 sequacibus
3271 3254 3391 3310 suis

1804 3357 1834 3396 a
1863 3343 2071 3415 synodo
2093 3343 2325 3415 turpiter
2341 3360 2469 3400 cum
2500 3345 2702 3400 throno
2731 3361 2835 3402 suo
2858 3345 3097 3416 ejicitur,
3129 3354 3190 3402 ut
3210 3347 3264 3400 in
3291 3346 3395 3402 Ro—

1805 3451 1970 3492 mano
2011 3435 2310 3508 pontiﬁcali
2333 3437 2552 3510 legitur.
2575 3437 2710 3494 Post
2729 3453 2964 3509 quorum
2987 3438 3394 3495 damnationem

1804 3529 1990 3586 multa:
2009 3545 2338 3586 aranearum
2373 3531 2492 3586 tela:
2537 3531 2593 3585 in
2621 3531 2861 3586 medium
2898 3531 3238 3599 deciderunt,
3273 3545 3400 3602 quae

1804 3620 2023 3674 inanem
2045 3619 2318 3676 fallaciam
2343 3621 2724 3677 haereticorum
2755 3620 3021 3691 deiectam
3090 3635 3212 3676 esse
3266 3635 3397 3691 por-r

1806 3711 2114 3767 tenderunt.
2145 3712 2350 3768 Deinde
2377 3729 2572 3769 novem
2600 3715 2672 3769 ibi
2706 3715 2884 3784 capita
2941 3715 3198 3786 leguntur
3239 3715 3397 3769 insti-

1806 3811 1940 3858 tuta.
1968 3801 2108 3859 Huic
2126 3806 2361 3861 concilio
2402 3806 2566 3880 legati
2603 3807 2747 3862 sedis
2807 3808 3122 3878 apostolica:
3168 3806 3399 3878 pratfue-

1805 3903 1955 3962 runt,
1980 3896 2121 3950 inter
2146 3912 2286 3967 quos
2309 3897 2409 3951 fuit
2429 3897 2668 3953 Joannes
2693 3898 2954 3954 Romana:
2981 3898 3240 3955 Ecclesia:
3267 3909 3396 3956 tunc

1805 3987 2090 4051 diaconus,
2115 3989 2209 4044 sed
2237 4004 2347 4043 non
2385 3991 2558 4044 multo
2586 3999 2708 4060 post
2730 3991 3087 4060 apostolicus.

1876 4102 1952 4159 De
1975 4103 2250 4174 prmdictis
2271 4114 2453 4160 autem
2475 4113 2715 4176 quatuor
2739 4106 2986 4162 conciliis
3016 4105 3074 4161 S.
3099 4106 3396 4176 Gregorius

1805 4211 1944 4266 papa
1971 4195 2218 4252 scribens
2243 4196 2311 4251 ad
2344 4194 2713 4251 Secundinum
2741 4213 2959 4252 servum
2985 4195 3078 4252 Dei
3101 4197 3394 4262 inclusum,

1806 4289 2256 4344 consuetudinem
2291 4287 2461 4345 fuisse
2493 4297 2726 4345 testatur
2771 4301 2832 4344 ut
2880 4290 3110 4361 quilibet
3157 4291 3398 4346 notitias

1806 4384 2114 4454 patriarcha
2143 4400 2202 4441 se
2227 4386 2318 4440 illa
2343 4385 2781 4451 observaturum,
2812 4385 2980 4442 missa
3001 4385 3282 4457 synodica,
3317 4402 3398 4439 re-

151 4461 498 4520 concmumB-
525 4463 867 4537 Αιιευειῑιιιιε
901 4480 996 4534 De?
1031 4479 1242 4529 sacram
1286 4463 1575 4520 ΤΙιοοιιοείί
1601 4465 1702 4519 ἱιιι-
1738 4478 1971 4550 Dliquis
2023 4477 2350 4548 patriarehis
2405 4477 2768 4548 proﬁteretur,
2827 4486 3120 4548 antequam
3170 4479 3240 4534 ab
3289 4477 3397 4533 illis

151 4555 390 4617 peratoris
417 4556 675 4613 invitatus
703 4557 918 4630 legitur,
950 4557 1043 4612 sed
1071 4557 1223 4627 prius
1258 4557 1372 4628 ipse
1401 4559 1468 4614 ad
1519 4557 1705 4613 Domi-

153 4656 267 4698 num
308 4647 557 4716 migravit
605 4666 773 4721 quam
835 4650 903 4705 ad
964 4650 1143 4721 ipsum
1189 4651 1419 4721 epistola
1473 4651 1704 4708 [tertiani

154 4737 385 4810 principis
422 4743 746 4812 pervenerit.

213 4827 458 4894 Quartum
472 4835 782 4890 universale
793 4835 1084 4890 concilium
1099 4833 1442 4890 Chalcedone
1452 4836 1697 4892 habitum

155 4926 224 4971 est
244 4937 271 4974 a
300 4939 468 4979 nexu
499 4926 750 4982 Patrihus
777 4937 968 4984 contra
999 4926 1296 4998 Eutychem
1309 4929 1698 4985 Constantino-

157 5011 421 5075 palitanum
469 5021 749 5087 abbatem,
813 5020 907 5091 qui
950 5021 1184 5076 asseruit
1231 5019 1532 5088 Christum,
1578 5038 1674 5092 pos

157 5099 415 5154 humanam
463 5113 890 5154 neeumnlinnom
962 5128 1072 5154 nnn
1109 5127 1174 5154 ριν
1223 5114 1436 5154 rinalme
1487 5114 1698 5154 natm-ia

1813 4568 1954 4624 inter
1993 4569 2334 4640 patriarchas
2371 4571 2625 4641 reputari
2671 4579 2990 4626 mereretur.
3037 4569 3194 4627 Unde
3257 4571 3398 4624 ident

1809 4664 2145 4733 apostolicus
2176 4664 2230 4718 in
2254 4665 2481 4720 exordio
2502 4665 2863 4721 ordinationis
2883 4681 3017 4731 sua),
3042 4665 3212 4722 missa
3234 4677 3400 4736 syno-

1807 4757 1948 4822 dica,
1965 4758 2290 4827 patriarchis
2305 4757 2376 4812 ita
2389 4757 2673 4830 professus
2689 4765 2772 4815 est
2797 4759 2865 4814 de
2889 4757 3096 4814 eisdem
3119 4755 3402 4815 conciliis:

1814 4867 1833 4901 σ
1875 4849 2052 4916 Sicut,
2083 4870 2102 4902 ι
2130 4851 2325 4922 inquit,
2360 4870 2378 4903 ι
2413 4851 2589 4908 sancti
2613 4851 2891 4921 Evangelii
2917 4867 2972 4906 iv
2991 4849 3196 4919 libros,
3232 4850 3326 4906 sic.
3359 4861 3411 4901 iv

1805 4941 2038 4997 concilia
2080 4945 2357 5014 suscipere
2378 4953 2433 4999 et
2459 4945 2716 5001 venerari
2751 4959 2838 4998 me
2868 4943 3045 4999 fateor
3073 4959 3088 4994 :
3124 4943 3414 4999 Nicmuum

1804 5033 2033 5101 scilicet,
2056 5035 2728 5107 Constantinopolitanum
2778 5037 3046 5106 primum,
3070 5031 3430 5108 Ephesinum

1802 5126 2039 5154 nl‘:lh‘l‘m
2089 5127 2562 5152 DL-I-4.JA_-..-n-
2605 5132 2723 5152 _-_!-
2782 5128 2834 5152 ξ.-
2868 5129 2954 5152 ιε-
3019 5125 3196 5150 ιιι-ιι--.
3226 5125 3279 5150 ι..
3313 5133 3444 5150 1111014
