3986 5312
142 252 322 312 1205

1082 259 1374 318 APPEND.
1416 258 1503 316 HI.
1542 289 1613 301 -
1645 253 2078 315 MONUMENTA
2115 254 2581 312 GRECORIANA.

3319 256 3457 313 1206

138 370 494 427 monachus
525 370 578 425 in
608 370 754 427 libro
802 370 876 428 De
914 372 1219 432 lllustribus
1240 376 1393 445 viris,
1422 391 1542 446 cap.
1573 374 1666 441 25,
1696 383 1774 430 te-
1802 374 1850 432 Α
1874 379 2036 444 gusto
2057 386 2090 428 a
2109 386 2267 429 ccxxv
2286 371 2559 445 episc0pis
2584 370 2977 438 babitum,aera
3000 385 3336 441 ccccxxxvn,
3363 388 3456 429 ca-

135 472 378 517 statur.
410 483 429 515 ε
475 460 747 535 Eugepius
769 462 1111 538 [Eugipius],
1166 467 1373 538 inquit,
1407 468 1463 523 in
1487 466 1771 524 dialectica

136 556 463 622 quondam
496 572 651 611 meus
680 558 905 629 collega,
931 560 1132 627 petitus
1170 573 1201 613 a
1240 558 1516 629 Stephano
1556 557 1772 615 Saloni-

138 654 298 700 tano
365 648 644 717 episcopo,
704 665 773 704 ex
830 650 1034 705 Cnecis
1079 652 1482 721 exemplaribus
1529 667 1771 709 canones

138 737 584 795 ecclesiasticos
607 741 853 796 moribus
886 743 1000 797 suis
1022 757 1201 812 pares,
1226 752 1284 798 ut
1313 752 1430 798 erat
1470 744 1666 814 planus
1686 752 1771 800 at-

139 842 272 897 que
338 829 604 897 disertus,
648 848 844 903 magna
899 834 1223 903 eloquentia:
1269 835 1392 890 luce
1434 837 1765 906 composuit,

141 934 311 988 quos
343 937 451 976 usu
474 924 830 979 celeberrimo
878 924 1119 981 Ecclesia
1161 926 1405 983 Romana
1448 930 1766 999 complecti-

143 1019 275 1067 tur.
314 1012 438 1069 llos
458 1016 625 1071 etiam
657 1025 873 1086 oportet
906 1033 1003 1074 vos
1044 1020 1345 1075 monachos
1375 1021 1597 1076 assidue
1617 1021 1765 1093 lege-

148 1122 240 1172 re,
278 1122 357 1159 ne
380 1108 672 1164 videamini
690 1119 802 1165 tam
837 1111 1106 1166 salutares
1124 1112 1523 1169 ecclesiasticas
1552 1114 1767 1182 regulas

147 1198 525 1267 eulpabiliter
552 1201 821 1274 ignorare.
871 1221 890 1255 ι
924 1202 1122 1259 Beatus
1161 1219 1381 1275 quoque
1410 1203 1650 1262 Isidorus
1707 1206 1764 1260 in

148 1288 509 1348 Collectario
572 1310 674 1350 suo
728 1295 794 1350 de
834 1297 1159 1365 canonibus,
1212 1308 1452 1369 quatuor
1496 1300 1763 1356 editiones

150 1380 377 1438 Niczeni
426 1386 643 1441 concilii
680 1388 1107 1458 compagiuavit;
1162 1390 1300 1447 duas
1352 1407 1483 1447 vero
1530 1394 1615 1449 vel
1655 1402 1764 1450 tres

153 1473 405 1544 reliquis
434 1474 804 1534 Orientalibus
827 1481 1074 1537 conciliis
1098 1483 1371 1553 ascripsit.

232 1563 351 1621 Sed
379 1568 578 1625 harum
598 1571 897 1626 editionum
920 1573 1066 1628 illam
1098 1590 1200 1630 nos
1223 1568 1463 1631 maxime
1480 1576 1764 1647 sequimur

154 1672 288 1741 quae
319 1661 539 1717 caeteris
586 1664 925 1719 emendatior
972 1675 1029 1720 et
1072 1667 1384 1737 apostolicae
1436 1668 1550 1723 sedi
1600 1684 1759 1723 acce-

155 1750 309 1818 ptior
333 1752 571 1820 videtur,
595 1755 844 1812 videlicet
868 1773 1033 1827 quam
1069 1759 1261 1815 beatus
1289 1775 1427 1830 papa
1480 1759 1756 1817 Adrianus

155 1857 258 1911 per
308 1860 540 1900 manum
590 1845 774 1903 Caroli
814 1849 1160 1919 imperatoris
1206 1850 1644 1908 Occidentalibus
1672 1853 1757 1907 ὁὶ·-

158 1935 305 1989 rexit
342 1936 626 1995 Ecclesiis.
665 1939 774 1997 Nec
832 1941 1009 1998 otiose
1065 1944 1363 1999 notandum
1393 1945 1543 2015 quod
1584 1945 1755 2001 multa

156 2026 403 2101 obseura
435 2046 531 2100 per
555 2032 895 2089 diversarum
945 2036 1290 2091 collationem
1320 2037 1622 2093 editionum
1661 2054 1758 2094 sae-

155 2133 468 2186 penumero
490 2124 857 2191 declarantur,
883 2136 943 2181 ut
963 2128 1095 2182 illud
1137 2128 1205 2183 de
1247 2128 1468 2185 Nicaeae
1496 2131 1752 2199 concilio,

155 2211 289 2280 quid
310 2212 386 2268 sit
407 2215 813 2272 subintroducta
833 2219 1182 2275 mulier?hoc
1200 2221 1305 2275 alia
1325 2221 1493 2277 editio
1511 2223 1756 2292 apertius

154 2304 333 2372 ponit,
350 2306 403 2360 id
425 2316 528 2374 est,
552 2318 877 2364 extraneum.
907 2310 983 2366 Ac
1014 2311 1059 2367 si
1086 2312 1233 2367 dicat
1262 2331 1276 2367 :
1319 2332 1338 2365 ι
1363 2314 1609 2370 Clericus
1632 2316 1755 2370 nul-

152 2396 264 2451 lam
289 2397 555 2454 feminam
587 2402 782 2457 habeat
805 2418 989 2458 secum
1002 2414 1316 2460 extraneam
1343 2425 1357 2461 :
1395 2407 1489 2462 sed
1516 2415 1750 2477 tantum,

155 2490 416 2558 matrem,
445 2493 528 2547 vel
558 2508 823 2562 sororem,
847 2496 932 2550 vel
973 2496 1134 2563 ziam,
1172 2516 1190 2548 ι
1221 2514 1385 2569 quam
1420 2499 1616 2555 iterum
1645 2502 1752 2558 alia

154 2582 325 2637 c-litio
350 2585 598 2653 apertius
633 2595 792 2642 vocat
837 2588 1082 2643 amitam.
1116 2589 1280 2647 Tusci
1312 2592 1457 2647 enim
1504 2608 1602 2662 pro
1622 2595 1753 2649 mni-

155 2683 234 2741 ιτ,
285 2676 483 2732 dicunt
536 2677 871 2746 2iam.ltem,
926 2681 979 2735 in
1033 2683 1223 2739 eodem
1255 2686 1510 2751 concilio,
1544 2672 1572 2737 ι’
1604 2686 1751 2755 quod

153 2767 486 2825 diaconissze
516 2787 712 2826 manus
734 2772 1134 2843 impositionem
1160 2775 1361 2831 habere
1398 2787 1685 2847 negantur,
1724 2797 1743 2830 ι

155 2877 265 2914 non
312 2861 422 2917 nisi
454 2862 523 2917 de
565 2862 1030 2921 Paulianistarum
1073 2867 1402 2924 diaconissis
1450 2869 1751 2941 intelligere

154 2969 221 3008 ex
252 2954 487 3012 diversis
534 2958 986 3015 translationibus
1011 2960 1325 3016 edocemur.
1376 2961 1514 3016 Nam
1559 2963 1751 3018 diaco-

156 3047 324 3103 nissze
372 3047 786 3107 Catliolicorum
834 3068 1030 3109 manus
1077 3054 1479 3124 impositinncm
1525 3056 1746 3124 habent,
1777 3065 1817 3121 C

154 3139 313 3209 juxta
361 3139 807 3199 Chalcedonense
858 3145 1172 3201 concilium.
1219 3145 1373 3213 Item,
1428 3147 1481 3202 in
1515 3149 1751 3205 concilio

161 3231 485 3290 Laodicensi
515 3235 734 3308 legitur,
776 3255 795 3286 ι
833 3252 902 3291 ne
915 3238 1289 3295 ordinationes
1321 3239 1453 3294 ﬁant
1486 3241 1590 3296 sub
1618 3256 1752 3296 con-

160 3338 345 3394 specto
406 3327 779 3397 audientium;
820 3350 841 3383 ι
881 3332 1029 3400 quod
1081 3332 1186 3387 alia
1231 3332 1401 3388 editio
1436 3335 1751 3405 expressius

160 3418 291 3475 dicit
341 3420 854 3477 catechumenorum.
884 3422 1019 3478 Nam
1057 3425 1437 3481 catechumeni
1483 3443 1749 3497 quorum-

160 3509 291 3565 libet
335 3522 807 3569 sacramentorum
860 3514 1188 3570 confectioni
1249 3517 1519 3573 interesse
1558 3519 1749 3588 prohi-

162 3601 371 3658 bentur.
413 3603 471 3657 ln
497 3603 645 3662 hunc
670 3621 800 3677 ergo
823 3606 1066 3674 modum,
1093 3606 1263 3662 multa
1298 3608 1369 3661 ibi
1402 3608 1636 3664 obscure
1658 3609 1745 3664 di-

162 3704 244 3749 cta
263 3711 358 3765 per
381 3703 433 3751 te
459 3696 637 3766 ipsum
664 3698 991 3769 investigare
1016 3698 1240 3769 poteris,
1273 3700 1321 3755 si
1363 3701 1612 3759 diversas
1636 3703 1748 3758 edi-

162 3788 334 3843 tiones
362 3788 606 3844 studiose
631 3792 963 3860 perscrutari
989 3792 1289 3848 curaveris.
1331 3792 1437 3848 Sed
1487 3795 1605 3850 hinc
1634 3795 1745 3850 for-

165 3888 354 3935 tassea
389 3881 797 3949 scientioribus,
848 3884 1007 3953 quasi
1051 3899 1160 3938 non
1196 3886 1506 3941 necessario
1556 3896 1742 3942 notata

165 3972 515 4041 deputantur;
566 3974 743 4027 nostri
798 3982 981 4030 tamen
1039 3975 1246 4032 similes
1306 3978 1413 4032 hoc
1461 3980 1743 4036 attendere

168 4064 372 4131 debent,
406 4079 552 4135 quos
587 4066 881 4135 aliquando
912 4067 966 4121 in
1027 4067 1342 4138 liujusmodi
1378 4070 1582 4126 haerere
1629 4087 1740 4131 non

168 4157 467 4223 diﬁidimus,
499 4157 642 4212 sicut
660 4166 717 4213 ct
740 4173 839 4214 nos
861 4159 1160 4229 smpissime
1196 4159 1445 4216 fecimus.

235 4247 595 4305 Oecidentalia
651 4256 834 4305 autem
891 4251 982 4305 illa
1014 4251 1291 4315 dicuntur
1319 4269 1443 4323 quae
1480 4254 1536 4309 in
1587 4264 1741 4325 parte

172 4338 469 4398 Occidentis
524 4340 665 4397 facta
709 4352 1110 4409 monstrantur,
1150 4352 1211 4398 ut
1259 4345 1535 4413 Africana,
1572 4348 1740 4403 Galli-

1873 476 2048 517 nones
2075 476 2171 523 cui
2206 463 2513 530 constituit,
2539 478 2777 534 quorum
2821 471 3012 518 auctor
3037 461 3140 518 fuit
3179 463 3319 518 idem
3345 461 3456 517 Au—

1872 553 2040 610 relius
2089 569 2213 608 cum
2243 552 2302 609 S.
2353 554 2682 627 Augustino.
2736 552 2999 622 Quintum
3054 552 3453 626 Cartliaginen-

1872 660 1932 701 se
1978 646 2274 701 concilium
2321 646 2391 700 ab
2432 646 2704 717 episcopis
2758 662 2927 700 Lxxm
2994 645 3237 700 habitum
3268 686 3283 712 ,
3348 661 3454 700 aera

1870 752 2189 803 ccccxxxrx,
2230 754 2468 793 canones
2514 754 2578 793 xv
2626 738 2928 804 constituit,
2984 754 3218 809 quorum
3264 747 3456 793 auctor

1870 826 2013 882 idem
2038 825 2290 883 Aurelius
2315 825 2435 882 fuit.
2463 827 2686 883 Sextum
2700 827 3131 899 Carthaginense
3159 829 3452 884 concilium

1869 927 2110 990 tempore
2144 918 2369 974 Honorii
2396 917 2491 974 ΧΠ
2536 928 2591 975 et
2633 919 2923 976 Theodosii
2956 919 3045 974 Vll
3082 920 3452 993 Augustorum

1867 1011 1937 1067 ab
1966 1010 2238 1081 episc0pis
2271 1027 2446 1066 ccxvn
2475 1011 2744 1080 habitum,
2773 1028 2879 1068 aera
2901 1028 3117 1081 cccccv,
3149 1015 3326 1084 capita
3352 1031 3451 1069 xm

1866 1103 2167 1171 constituit,
2200 1102 2292 1158 ubi
2326 1111 2507 1159 actum
2536 1111 2620 1159 est
2664 1112 2725 1159 ut
2756 1102 3036 1160 Nicaenum
3069 1106 3359 1161 concilium
3383 1107 3456 1161 ab

1865 1193 2233 1250 Orientalibus
2271 1193 2542 1266 episcopis
2569 1203 2872 1267 peteretur;
2906 1196 2996 1251 cui
3050 1197 3260 1269 synodo
3287 1197 3454 1269 legati

1866 1295 2070 1342 sanctae
2141 1285 2402 1342 Romanae
2456 1285 2711 1343 Ecclesia:
2767 1286 3060 1344 Faustinus
3121 1287 3449 1361 episcopus,

1864 1376 2148 1449 Philippus
2199 1386 2254 1433 et
2297 1376 2512 1434 Asellus
2550 1377 2853 1450 presbyteri
2898 1378 3165 1448 prmfuere
3184 1395 3252 1436 ex
3297 1389 3452 1452 parte

1865 1468 2070 1524 Zosimi
2100 1484 2273 1539 papae,
2298 1484 2421 1524 cum
2451 1469 2708 1539 praedicto
2738 1468 2962 1525 Aurelio
2992 1479 3047 1526 et
3097 1469 3154 1526 S.
3190 1471 3452 1544 Augusti-

1864 1576 1957 1616 no.
2011 1560 2316 1635 Septimum
2371 1560 2803 1633 Carthagincnse
2847 1562 3142 1619 concilium
3206 1571 3451 1635 tempore

1865 1650 2093 1708 Honorii
2118 1650 2212 1706 KH
2251 1663 2306 1709 et
2350 1651 2647 1722 Theodosii
2702 1652 2795 1709 VH
2833 1655 3208 1727 Augustorum
3237 1654 3446 1728 (1060),

1792 1721 1834 1776 Β
1859 1745 1928 1800 ab
1953 1744 2224 1815 episc0pis
2246 1761 2400 1813 xvm,
2424 1761 2534 1801 mra
2565 1762 2672 1817 qua
2703 1761 2867 1816 supra
2896 1747 3167 1815 habitum,
3202 1763 3447 1805 canones

1856 1853 1889 1890 v
1923 1837 2235 1905 constituit,
2268 1838 2356 1892 cui
2402 1838 2611 1910 synodo
2655 1838 2899 1909 praedicti
2945 1839 3091 1895 sedis
3133 1839 3450 1909 apostolicae

1856 1914 2018 2002 lcgati
2062 1929 2396 2001 praefuerunt
2457 1947 2584 1987 cum
2641 1930 2865 1986 Aurelio
2908 1941 2964 1987 ct
3006 1931 3062 1987 S.
3115 1932 3442 2004 Augustino.

1855 2018 2119 2075 Octavum
2147 2020 2341 2076 Alrica:
2364 2021 2656 2075 concilium
2688 2021 2743 2076 in
2769 2020 3079 2077 Milevitana
3104 2021 3324 2077 civitate
3344 2024 3449 2079 sub

1855 2109 2098 2169 Honorio
2122 2113 2370 2185 Augusto
2395 2112 2465 2169 ab
2489 2114 2762 2185 episc0pis
2806 2130 2964 2171 ccxw
3009 2116 3280 2184 habitum,
3333 2131 3444 2172 aera

1852 2222 2106 2273 ccccxcx,
2142 2205 2488 2279 Pelagianam
2537 2208 2788 2262 haeresim
2837 2222 2962 2263 cum
3005 2217 3131 2263 octo
3176 2208 3447 2280 capitibus

1853 2296 2353 2365 anathematizavit,
2386 2297 2602 2363 deinde,
2625 2313 2798 2352 xxvni
2844 2312 3087 2352 canones
3123 2298 3450 2365 constituit;

1853 2390 1942 2447 cui
1969 2387 2177 2461 synodo
2204 2387 2329 2442 item
2355 2385 2611 2441 Aurelius
2640 2394 2694 2442 et
2729 2385 2786 2441 S.
2816 2387 3157 2459 Augustinus
3208 2388 3431 2458 episcop

1852 2479 2138 2552 praefuere.
2220 2477 2426 2532 Horum
2483 2486 2665 2532 autem
2719 2477 3081 2533 conciliorum
3124 2486 3326 2534 statuta
3375 2479 3447 2533 ab

1852 2571 2127 2627 Africanis
2149 2569 2405 2626 Patribus
2456 2567 2707 2623 Romano
2730 2568 2974 2640 pontilici
3013 2569 3081 2623 ad
3109 2568 3444 2623 conﬁrman-

1852 2665 1982 2720 dum
2014 2664 2220 2720 directa
2248 2664 2535 2734 leguntur;
2573 2678 2697 2734 quae
2729 2662 2894 2717 etiam
2931 2662 3109 2718 adhuc
3143 2663 3197 2716 in
3242 2661 3446 2716 Roma-

1852 2756 1938 2811 nis
1995 2754 2416 2824 exemplaribus,
2474 2753 2532 2809 in
2594 2753 2812 2810 duobus
2864 2751 3159 2809 Breviariis
3206 2753 3438 2809 collecta

1852 2847 2218 2917 reperiuntur.
2261 2845 2462 2913 Unum,
2493 2846 2642 2916 quod
2683 2860 2810 2900 cum
2841 2845 3245 2915 subscriptione
3264 2860 3424 2900 ccxvr

1850 2939 2260 3009 episcoporum;
2301 2946 2597 3007 utrumque
2624 2944 2806 2991 autem
2829 2951 2956 2991 cum
2990 2936 3288 3006 apostolica
3338 2950 3439 2993 au-

1850 3032 2099 3086 ctoritate
2121 3031 2417 3085 ﬁrmatum.
2477 3029 2679 3084 Eadem
2723 3029 2890 3084 etiam
2923 3027 3201 3083 Breviaria
3240 3028 3433 3086 beatus

1851 3124 2125 3180 Adrianus
2148 3140 2273 3180 cum
2297 3122 2570 3194 praedictis
2592 3120 2969 3176 Orientalibus
2992 3120 3243 3178 conciliis
3265 3120 3441 3176 Caro-

1850 3215 1904 3270 lo
1930 3215 2243 3287 imperatori
2270 3216 2457 3274 Romre
2476 3218 2545 3273 ad
2560 3217 2978 3288 dispositionem
3000 3214 3437 3273 Occidentalium

1850 3305 2219 3364 Ecclesiarum
2251 3309 2537 3365 tradidisse
2574 3309 2790 3380 legitur.
2833 3306 2977 3378 Ergo
3004 3315 3060 3362 ct
3096 3321 3196 3362 nos
3233 3307 3432 3361 eadem

1848 3415 1948 3469 pro
1974 3400 2303 3457 authenticis
2332 3400 2575 3471 recipere
2599 3408 2654 3455 et
2680 3400 2912 3456 observa
2925 3414 2980 3453 re
3008 3397 3323 3457 necessario
3343 3397 3440 3453 de-

1848 3490 2041 3545 bemus
2053 3506 2174 3561 quze
2184 3490 2485 3561 apostolica
2497 3489 2824 3546 auctoritate
2837 3490 3050 3543 ﬁrmata
3065 3486 3438 3559 Ecclesiisque

1847 3581 1914 3636 ad
1955 3581 2356 3638 observandum
2398 3583 2606 3639 directa
2644 3582 3016 3638 indubitanter
3057 3581 3430 3654 percepimus.

1916 3715 2051 3771 Era
2075 3724 2258 3772 autem
2283 3714 2601 3786 huiusmodi
2631 3713 2881 3770 conciliis
2907 3713 3127 3784 praeﬁxa
3160 3728 3262 3785 pro
3290 3727 3438 3769 anno

1846 3806 2144 3863 Dominicze
2192 3807 2596 3863 lncarnationis
2637 3805 2977 3877 intelligitur,
3006 3803 3303 3875 qutejuxta
3333 3801 3436 3859 lsi-

1843 3899 2040 3955 dorum
2078 3900 2149 3955 ab
2176 3916 2278 3955 rere
2316 3899 2724 3966 denominatur,
2748 3913 2816 3953 eo
2840 3896 2989 3968 quod
3014 3896 3144 3950 anni
3164 3895 3310 3966 apud
3332 3909 3436 3951 an-

1842 3990 2026 4059 tiquos
2055 4004 2163 4045 aere
2200 3997 2545 4056 notarentur,
2575 4004 2702 4045 eum
2722 3997 2779 4044 et
2806 3973 3148 4057 .indictiones
3176 3986 3436 4041 institue-

1841 4089 2048 4137 rentur.
2078 4079 2183 4136 Sed
2203 4085 2332 4151 quia
2352 4098 2425 4136 (es
2452 4088 2603 4136 caret
2631 4079 2987 4150 aspiratione,
3014 4081 3083 4134 ab
3106 4080 3228 4154 ἦρᾳ,
3252 4077 3308 4132 id
3328 4087 3433 4150 est,

1839 4173 2060 4229 nomine
2092 4171 2344 4240 Iunonis,
2374 4173 2429 4228 id
2448 4181 2533 4228 est
2565 4172 2728 4239 aeris,
2767 4179 3004 4230 tractum
3026 4171 3264 4238 videtur,
3290 4168 3432 4225 infra

1838 4279 1961 4335 quae
1986 4263 2224 4318 maxime
2252 4270 2498 4333 tempora
2536 4261 2822 4317 variantur
2858 4261 3003 4333 (sic).
3033 4260 3101 4315 Et
3132 4261 3445 4316 notandum-

1838 4354 1969 4424 quia
2031 4353 2305 4409 Chronica
2364 4354 2654 4425 pauciores
2698 4367 2876 4409 annos
2935 4353 3005 4408 ab
3051 4351 3432 4408 Incarnatione

173 4449 313 4500 cana,
366 4436 486 4489 sive
525 4434 579 4488 in
636 4433 912 4505 Hispaniis
942 4437 1232 4492 celebrata.
1278 4437 1345 4492 Et
1376 4438 1632 4494 Africana
1654 4441 1741 4496 di-
1772 4442 1817 4496 D
1844 4445 2061 4500 Domini
2095 4445 2344 4500 conciliis
2386 4444 2692 4512 ascribunt,
2740 4459 2906 4514 quam
2959 4443 3015 4498 in
3043 4443 3218 4498 titulis
3239 4458 3434 4498 eorum

174 4534 351 4580 cuntur
375 4540 516 4596 pene
542 4526 725 4581 omnia
748 4542 872 4597 qua:
889 4526 1218 4600 Carthagine
1244 4528 1386 4584 facta
1417 4539 1576 4597 sunt;
1606 4548 1745 4602 quo-

178 4634 286 4671 rum
312 4618 547 4688 primum
583 4635 636 4671 xi
676 4619 1057 4688 episcoporum
1086 4622 1190 4676 sub
1215 4621 1539 4678 Constantio
1574 4624 1745 4694 impe-

178 4719 336 4764 ratore
382 4726 477 4765 xiv
526 4711 705 4780 capita
750 4711 1051 4777 constituit,
1108 4729 1343 4783 quorum
1401 4724 1594 4770 auctor
1645 4716 1748 4773 fuit

178 4802 355 4857 Gratus
403 4801 856 4874 Carthaginensis
897 4805 1204 4875 cpiscopus.
1254 4806 1565 4863 Secundum
1612 4808 1747 4863 Car-

181 4894 476 4965 thaginense
498 4895 788 4950 concilium
801 4897 904 4951 sub
929 4896 1305 4954 Valentiniano
1341 4901 1608 4969 Augusto,
1635 4917 1744 4956 aai'a

178 5002 414 5041 ccccxvnl
446 4987 714 5053 habitum,
740 5004 839 5042 xm
856 4990 1031 5059 capita
1055 4990 1359 5057 constituit,
1382 5007 1617 5061 quorum
1643 5008 1714 5047 au

470 5077 504 5088 Α
615 5081 646 5088 α.
770 5077 833 5088 ἰο-

1842 4539 2226 4610 reperiantur:
2256 4538 2368 4606 illa,
2397 4537 2645 4608 inquam,
2679 4536 2975 4604 Chronica,
3021 4551 3144 4607 qua:
3194 4536 3433 4593 domnus

1842 4632 2240 4698 lleremannus,
2273 4630 2525 4703 egre-gius
2547 4631 2848 4687 calculator
2870 4638 2927 4685 et
2964 4637 3271 4697 temporum
3295 4626 3428 4683 sub-

1844 4725 2130 4783 tilissimus
2162 4725 2469 4796 indagator,
2511 4740 2580 4780 ex
2603 4722 2839 4780 diversis
2867 4719 3162 4778 Cbronicis
3183 4727 3238 4777 et
3257 4719 3436 4774 histo-

1843 4818 1941 4873 riis
1965 4816 2386 4888 diligentissime
2430 4817 2776 4886 composuit;
2822 4829 2947 4884 qua:
2979 4826 3162 4880 usque
3211 4810 3280 4865 ad
3313 4823 3440 4863 uuv

1850 4906 2148 4963 Dominicze
2183 4904 2587 4962 lncarnationis
2628 4919 2836 4962 annum
2880 4900 3114 4959 ﬁdeliter
3177 4895 3446 4973 perduxit.

1847 4997 1986 5053 Nam
2015 4997 2072 5053 in
2120 4999 2228 5055 illis
2261 4998 2504 5054 secundo
2558 4995 2858 5055 universali
2892 4990 3168 5061 concilio,
3210 4987 3459 5088 videlicet
