3986 5312
517 307 675 364 ,1207

1509 311 1602 368 AD
1640 311 1871 375 OPERA
1907 315 1964 374 S.
2007 315 2336 373 GRECORll
2373 307 2804 374 APPENDICES

3674 315 3804 374 l'IOS

529 428 699 486 hitur.
724 425 926 501 Nempe
951 443 1060 486 tera
1084 430 1138 485 iu
1160 429 1247 487 his
1273 430 1448 489 titulis
1476 446 1666 488 xxxvii
1699 447 1972 488 annorum
2001 432 2122 504 plus
2151 438 2198 494 Α
2223 448 2422 504 scopus
2470 432 2591 490 fuit.
2641 431 2992 490 Valentinum
3049 427 3345 486 concilium
3399 437 3656 503 tempore
3681 432 3806 489 Gr:-

531 524 696 580 habet
729 537 896 596 quam
917 525 1220 594 reperiatur
1245 523 1301 579 in
1327 524 1636 582 Ghronicis.

601 614 726 672 lizec
748 632 968 688 quoque
1008 617 1300 674 diversitas
1321 627 1374 674 et
1413 619 1468 674 in
1519 617 1814 686 Africanis,
1843 627 1898 675 et
1922 619 1975 675 in
1999 619 2123 676 aliis

531 707 970 765 Occidentalibus
999 709 1248 782 conciliis
1271 726 1650 782 saepenumero
1671 711 1967 777 invenitur,
1999 713 2124 783 qui-

531 799 636 854 hus
667 799 794 854 item
832 815 938 854 aera
969 801 1290 872 praetigitur.
1322 801 1578 868 Qualibet
1622 808 1804 857 autem
1831 803 2124 858 occasione

531 890 847 960 hujusmodi
898 891 1190 948 diversitas
1234 895 1500 960 evenerit,
1559 909 1906 966 nequaquam
1935 904 2122 951 tamen

479 1021 486 1029 .
529 982 692 1038 nobis
727 982 886 1038 fidem
936 999 1119 1040 rerum
1171 985 1435 1056 impedire
1467 986 1724 1054 debebit;
1785 1001 1912 1042 cum
1969 995 2024 1043 et
2066 987 2122 1042 in

528 1072 668 1145 ipsis
703 1075 882 1136 sacris
928 1075 1123 1132 litteris
1171 1078 1386 1134 diversa
1441 1085 1746 1149 temporum
1800 1079 2123 1148 prrenotatio

531 1167 682 1221 nullo
707 1169 872 1224 modo
897 1183 1080 1225 rerum
1103 1170 1390 1226 veritatem
1414 1171 1738 1242 impedierit.
1771 1169 1907 1226 Nam
1931 1171 1988 1226 in
2017 1171 2124 1228 illis

531 1259 672 1313 LXX
697 1258 1057 1332 interpretum
1091 1263 1390 1318 auctoritas
1423 1263 1492 1317 ab
1518 1261 1782 1317 Hebraica
1810 1263 2036 1319 veritate
2065 1263 2121 1317 in

529 1367 762 1407 numero
789 1368 1059 1409 annorum
1082 1355 1220 1409 adeo
1243 1354 1594 1410 discordatut
1615 1355 1684 1409 ab
1703 1353 1916 1426 origine
1931 1353 2124 1410 mundi

530 1444 654 1514 plus
682 1445 830 1500 mille
856 1461 1127 1501 annorum
1157 1463 1322 1517 quam
1355 1447 1444 1502 illa
1473 1449 1525 1502 in
1579 1447 1864 1502 nativitate
1903 1445 2123 1502 Domini

529 1546 718 1604 ponat.
744 1535 1054 1594 Familiaris
1086 1539 1276 1610 utique
1323 1539 1758 1612 chronographis
1805 1539 2122 1610 hujusmodi

530 1629 844 1696 diversitas,
871 1647 970 1686 nec
1004 1631 1239 1688 lectores
1290 1635 1524 1690 multum
1581 1631 1707 1688 inde
1731 1642 1957 1698 curant;
1989 1631 2121 1688 dum

530 1730 744 1777 tantum
775 1737 838 1779 ea
868 1738 992 1794 qum
1019 1724 1250 1796 legerint
1270 1725 1588 1781 indubitata:
1611 1723 1855 1780 veritatis
1882 1739 2005 1780 esse
2028 1739 2123 1780 co-

532 1811 838 1886 gnoverint.
1408 1833 1414 1838 ·

605 1905 900 1964 Sciendum
929 1917 1112 1964 tamen
1139 1909 1265 1980 quia
1289 1909 1526 1982 majores
1541 1909 1716 1966 nostri
1733 1909 1934 1982 scripta
1949 1909 2122 1966 adno-

476 2031 494 2059 χ
530 2003 739 2054 tatione
786 2010 1094 2072 temporum
1147 2003 1367 2059 ﬁrmare
1418 2012 1861 2071 consueverunt;
1895 2003 2039 2058 sicut
2073 2011 2130 2058 et

533 2090 797 2149 Romanae
841 2093 986 2166 leges
1029 2111 1170 2166 quas
1211 2096 1454 2168 suscepit
1487 2095 1730 2152 Ecclesia
1783 2095 2124 2166 praecipiunt.

533 2184 734 2242 Dicunt
766 2188 946 2243 enim:
983 2207 1002 2240 ι
1039 2187 1094 2244 Si
1121 2204 1229 2260 qua
1263 2199 1388 2260 post
1411 2190 1527 2244 imo
1552 2189 1732 2244 edicta
1775 2188 1889 2243 sive
1917 2187 2126 2244 consti-

531 2279 775 2334 tutiones
801 2280 920 2334 sine
947 2279 1034 2336 die
1061 2289 1116 2335 et
1137 2281 1362 2336 consule
1391 2281 1596 2336 fuerint
1617 2279 1988 2352 deprehensae,
2023 2295 2126 2334 au-

534 2371 786 2426 ctoritate
843 2381 1086 2427 careant.
1124 2391 1143 2424 ι
1201 2369 1340 2428 lline
1395 2383 1479 2428 est
1525 2372 1672 2444 quod
1714 2373 1889 2427 sancti
1937 2370 2128 2426 Patres

533 2461 701 2518 etiam
741 2464 1136 2520 ecclesiasticis
1179 2465 1400 2521 statutis
1445 2465 1562 2521 sive
1602 2463 1823 2535 scriptis
1873 2464 2016 2520 diem
2073 2471 2128 2518 et

533 2556 814 2612 consulem
839 2557 1124 2630 assignare
1149 2558 1346 2624 solent,
1378 2572 1694 2628 annumque
1715 2556 1889 2628 ipsius
1919 2571 2125 2612 consu-

531 2647 604 2704 lis
636 2649 752 2706 sive
793 2649 1081 2706 consulum
1114 2649 1394 2722 signanter
1420 2651 1730 2715 ascribunt;
1759 2658 1819 2704 ut
1852 2648 1982 2715 illic,
2011 2645 2124 2702 llo-

531 2742 726 2798 norico
752 2741 1066 2810 duodecies,
1103 2753 1156 2799 et
1187 2741 1500 2798 Theodosio
1527 2741 1750 2813 septies,
1800 2739 2128 2797 subauditur

530 2837 821 2892 consulatu
837 2845 1100 2903 annuam,
1124 2835 1330 2892 factum
1351 2846 1438 2892 est
1464 2851 1519 2890 vr
1540 2833 1977 2905 Carthaginiense
1993 2847 2128 2888 con-

532 2929 741 2986 cilium.
777 2929 1022 2986 Africani
1056 2944 1277 3000 quoque
1319 2943 1562 2984 canones
1587 2925 1909 2998 principium
1939 2933 1998 2980 ut
2032 2924 2125 2978 lit-

532 3030 664 3080 terae
693 3037 831 3094 quas
858 3022 1100 3092 episcopi
1133 3021 1204 3076 ab
1233 3020 1643 3076 ordiuatoribus
1677 3017 1794 3074 suis
1829 3016 2123 3086 accipiunt,

533 3115 680 3170 diem
710 3124 765 3170 et
784 3115 1064 3176 consulem
1091 3115 1346 3180 habeant,
1371 3121 1429 3168 ut
1451 3122 1668 3183 tempus
1692 3125 1806 3166 suae
1831 3107 2127 3166 ordinatio-

534 3207 622 3262 nis
652 3223 868 3278 semper
913 3207 1217 3273 attendant,
1271 3221 1372 3262 nec
1405 3206 1493 3261 his
1547 3203 1643 3275 qui
1691 3203 1846 3275 prius
1889 3200 2126 3257 ordinati
2153 3185 2196 3244 C

535 3309 664 3355 sunt
692 3310 896 3356 temere
931 3315 989 3355 se
1015 3298 1310 3370 przeferant
1331 3317 1346 3354 :
1369 3297 1465 3355 sed
1483 3295 1854 3353 ecclesiastica
1877 3293 2126 3348 instituta

534 3407 644 3447 non
672 3402 784 3448 tam
807 3407 870 3446 ex
899 3391 1160 3462 temporis
1182 3389 1294 3446 sive
1325 3389 1568 3446 consulis
1591 3387 1940 3444 adnotatione
1961 3401 2126 3456 quam

533 3499 602 3548 ex
625 3483 926 3554 apostolica
952 3491 1008 3537 et
1032 3482 1329 3538 universali
1366 3481 1685 3538 assensione
1717 3488 1929 3534 tantum
1955 3477 2129 3534 firmi-

537 3577 666 3631 tatis
689 3582 1036 3644 accepcrunt,
1083 3583 1141 3630 ut
1185 3589 1535 3644 nequaquam
1573 3573 1639 3627 de
1673 3586 1864 3626 eorum
1889 3570 2129 3625 auctori-

537 3675 648 3723 tate
676 3667 970 3722 (lubitetur.
997 3665 1339 3736 Quapmpter
1363 3674 1418 3720 et
1448 3679 1550 3719 nos
1580 3679 1771 3718 eorum
1815 3659 2128 3718 auctoritati

537 3758 896 3830 praeiudicare
935 3773 1045 3814 non
1079 3759 1366 3824 debemus,
1415 3757 1634 3813 etiamsi
1672 3765 1883 3811 certum
1912 3764 2129 3826 tempus

539 3851 902 3906 institutionis
950 3865 1144 3906 eorum
1178 3851 1510 3922 ignoremus.
1549 3847 1862 3904 Notandum
1909 3862 2130 3920 quoque

537 3943 669 4014 quia
699 3959 807 3999 aera
829 3958 1226 4018 nonnunquam
1255 3943 1481 4000 abusive
1497 3955 1598 4012 pro
1621 3941 1862 4012 capitulo
1884 3941 2126 4012 ponitur,

541 4045 600 4092 ut
622 4036 676 4091 in
705 4035 797 4090 illo
823 4035 1027 4107 scripto
1054 4035 1298 4092 Toletani
1321 4034 1564 4101 concilii,
1595 4033 1688 4090 ubi
1729 4034 1795 4091 de
1823 4034 2017 4090 ordine
2049 4041 2128 4089 te-

538 4129 730 4184 nenda:
764 4129 956 4200 synodi
981 4138 1264 4184 tractatur.
1563 4132 1575 4142 '

609 4219 889 4278 Gallicana
909 4235 1128 4292 quoque
1159 4221 1390 4276 concilia
1421 4220 1578 4292 plura
1606 4228 1755 4286 sunt,
1799 4228 1854 4275 et
1875 4219 1930 4274 in
1953 4217 2128 4290 pluri-

539 4311 643 4368 bus
669 4313 804 4369 locis
831 4322 1194 4384 congregata;
1217 4329 1456 4384 quorum
1491 4313 1808 4370 Arelatense
1852 4311 1906 4366 in
1936 4310 2129 4382 primis

539 4405 782 4475 ponitur.
820 4404 1064 4460 Primum
1089 4407 1256 4476 igitur
1289 4405 1606 4462 Arelatense
1642 4404 1957 4470 concilium,
1987 4412 2128 4458 tem-

538 4512 673 4568 pore
699 4496 1045 4554 Constantini
1089 4497 1436 4570 imperatoris
1470 4507 1524 4554 et
1552 4497 1757 4554 Nicmni
1812 4496 2029 4552 concilii
2061 4497 2131 4551 ab

538 4591 812 4662 episcopis
842 4607 906 4646 ut:
931 4591 1200 4658 habitum,
1233 4600 1287 4646 et
1309 4591 1375 4646 ad
1395 4591 1828 4646 conﬁrmandum
1859 4587 1916 4643 S.
1945 4588 2132 4662 Sylve—

539 4689 654 4736 stro
677 4697 830 4753 papze
853 4683 1144 4750 directum,
1179 4699 1295 4738 χχιι
1327 4683 1581 4738 Cauones
1636 4684 1845 4749 statuit,
1892 4696 2128 4752 quorum

537 4782 731 4828 auctor
765 4773 823 4830 S.
861 4773 1106 4830 Marinus
1160 4775 1496 4832 Arelatensis
1544 4774 1836 4846 episcopus
1875 4773 1996 4828 fuit.
2032 4772 2130 4828 Se-

539 4866 778 4922 cundum
807 4867 1124 4924 Arelatense
1155 4869 1446 4924 concilium
1475 4867 1543 4923 ah
1581 4867 1856 4939 episcopis
1880 4865 2128 4922 diversa-

541 4971 664 5010 rum
696 4959 1104 5027 provinciarum
1140 4975 1291 5016 χχχιι
1320 4959 1568 5015 habitum
1595 4973 1836 5015 canones
1871 4973 1976 5014 xxv
2002 4970 2128 5012 con-

539 5050 744 5116 stituit;
777 5051 863 5106 cui
889 5053 1096 5124 synodo
1129 5051 1452 5109 Theodorus
1486 5053 1778 5124 episcopus
1809 5066 1876 5106 ex
1906 5049 2126 5105 Dalma-

537 5141 612 5195 tia
638 5149 692 5195 et
717 5141 966 5212 Agathon
991 5144 1258 5202 diaconus
1280 5145 1338 5201 S.
1359 5145 1622 5218 Sylvestri
1647 5159 1798 5216 papae
1815 5143 1974 5215 legati
2005 5157 2130 5198 cum

543 5233 578 5274 ᾖ
623 5231 836 5274 Marino
865 5233 1157 5274 Ανριοιρηαῖ
1181 5235 1740 5274 unicnnnnnrmfIlAr-n-
1776 5236 1947 5274 inluta
1962 5233 2127 5274 ("iam

2224 528 2358 584 tiani
2387 535 2441 583 et
2465 525 2828 584 Valentiniani
2850 529 3196 600 imperatoris
3225 525 3295 586 ab
3317 525 3600 602 episcopis
3630 545 3702 582 xx
3721 531 3806 584 ha-

2223 621 2420 688 bitum,
2442 636 2551 676 tera
2569 636 2820 687 ccccxur,
2852 637 3093 678 canones
3123 638 3178 676 iv
3196 623 3522 690 constituit;
3549 622 3644 679 cui
3666 637 3810 690 syno-

2222 713 2293 769 do
2317 712 2584 784 Fegadius
2605 713 2894 784 episcopus
2919 713 3156 784 praefuit.
3187 711 3634 770 Taurinancium
3658 713 3813 788 [Tau-

2222 805 2523 879 rinatense]
2553 806 2849 862 concilium
2913 821 2986 861 vu
3031 821 3271 862 canones
3299 807 3620 874 constituit,
3665 807 3816 862 habi-

2223 905 2339 952 tum
2365 906 2607 968 tempore
2637 895 2831 953 Felicis
2883 896 3146 963 haeretici,
3177 897 3336 967 cujus
3375 899 3726 954 mentionem
3747 897 3822 952 fa-

2222 986 2297 1041 cit
2327 986 2596 1058 Regieuse
2625 987 2919 1042 concilium
2950 989 3020 1043 ab
3067 987 3340 1058 episcopis
3364 1004 3469 1044 xm
3515 989 3630 1044 sub
3661 989 3824 1058 impe—

2221 1086 2408 1134 ratore
2441 1077 2748 1134 Theodosio
2780 1078 2990 1136 Minore
3042 1087 3098 1133 et
3127 1077 3522 1135 Valentiniano
3555 1079 3822 1146 habitum,

2223 1186 2332 1226 aera
2360 1186 2694 1236 CCCCLXXVII,
2723 1187 2965 1228 canones
2989 1187 3063 1226 vn
3103 1170 3412 1238 constituit,
3472 1172 3570 1226 cui
3623 1172 3824 1243 synodo

2225 1262 2284 1317 S.
2310 1261 2550 1318 Hilarius
2573 1263 2865 1334 cpiscopus
2895 1261 3132 1334 praefuit.
3163 1261 3498 1318 Arausieum
3529 1264 3822 1318 concilium

2223 1355 2294 1410 ab
2317 1355 2590 1426 episcopis
2618 1371 2730 1411 xvu
2773 1365 3020 1427 tempore
3047 1353 3346 1410 Theodosii
3382 1352 3628 1410 Minoris
3665 1354 3824 1408 'babio

2222 1457 2360 1516 tum,
2392 1463 2498 1504 vera
2523 1463 2838 1514 ccccnxxix,
2877 1461 3120 1503 canones
3168 1461 3298 1500 xxix
3335 1445 3660 1512 constituit,
3697 1460 3825 1516 quo-

2224 1558 2347 1598 rum
2371 1552 2568 1598 auctor
2591 1541 2649 1597 S.
2677 1540 2920 1598 Hilarius
2948 1541 3242 1612 episcopus
3265 1539 3391 1594 fuit.
3421 1537 3684 1595 Vasense
3703 1555 3825 1594 eon-

2223 1636 2408 1692 cilinm
2431 1635 2614 1707 (1061)
2643 1635 2786 1706 apud
2811 1633 3133 1706 Auspicium
3163 1633 3488 1704 episcopum
3516 1632 3629 1688 sub
3657 1629 3825 1686 Theo-

2223 1729 2382 1785 dosio
2411 1727 2646 1795 minore,
2693 1743 2801 1783 aera
2828 1741 3122 1794 cccccxxx,
3157 1739 3402 1782 canones
3445 1741 3482 1779 x
3515 1725 3820 1781 constituit.

2155 1800 2198 1856 Β
2224 1821 2534 1894 Agathense
2571 1820 2866 1878 concilium
2899 1834 3045 1875 anno
3075 1817 3409 1874 xqularici
3443 1817 3600 1888 regis
3621 1815 3694 1872 ab
3719 1817 3825 1887 epi-

2227 1914 2410 1985 scopis
2437 1928 2568 1969 xxiv
2612 1912 2883 1978 habitum,
2920 1927 3030 1967 tera
3072 1927 3202 1967 nxtv
3231 1925 3480 1966 canones
3525 1926 3660 1965 Lxxr
3693 1925 3822 1964 con-

2225 2007 2427 2074 stituit,
2463 2021 2696 2078 quorum
2729 2013 2920 2060 auctor
2949 2003 3216 2060 Gozarius
3237 2002 3538 2074 episcopus
3562 2001 3688 2058 fuit.
3717 2003 3826 2056 Au-

2226 2100 2536 2155 relianense
2567 2096 2861 2154 concilium
2916 2096 2986 2152 ab
3043 2096 3320 2166 episcopis
3349 2111 3530 2150 xxvm
3555 2095 3820 2161 habitum,

2225 2207 2468 2248 canones
2497 2207 2644 2246 xxv"
2673 2189 2976 2256 constituit,
3007 2189 3096 2245 cui
3120 2189 3354 2244 concilio
3390 2186 3694 2244 Defrodius
3717 2188 3824 2258 cpi-

2227 2299 2428 2356 scopus
2450 2281 2687 2355 prteruit.
2718 2281 3013 2354 l-lucusque
3055 2281 3124 2336 de
3170 2277 3473 2336 Gallicanis
3530 2280 3820 2350 conciliis;

2225 2377 2422 2434 deinde
2451 2375 2735 2432 videamus
2762 2373 2828 2430 de
2849 2373 3124 2444 Hispanis.

2297 2469 2695 2524 Eliberitanum
2719 2467 3035 2533 concilium,
3059 2475 3306 2536 tempore
3337 2463 3700 2520 Constantini
3723 2466 3822 2520 im-

2226 2562 2496 2634 peratoris
2525 2561 2596 2617 ab
2623 2561 2895 2633 episcopis
2927 2575 3060 2615 xvm
3088 2559 3360 2626 habitum,
3391 2573 3643 2614 canones
3665 2575 3821 2614 Lxxxt

2227 2645 2534 2720 constituit,
2563 2652 2653 2709 cui
2709 2650 2872 2708 Osius
2908 2649 3281 2706 Cordubensis
3318 2649 3622 2720 episcopus
3657 2651 3794 2706 inter

2227 2745 2349 2802 fuit.
2402 2730 2811 2802 Tarraconense
2851 2741 3142 2798 concilium
3195 2757 3342 2798 anno
3394 2757 3449 2797 vi
3498 2741 3819 2798 Theoderici

2227 2839 2372 2911 regis
2402 2838 2472 2894 ab
2497 2837 2768 2909 episcopis
2796 2853 2832 2891 x
2863 2835 3130 2901 habitum,
3163 2849 3273 2890 tera
3299 2850 3428 2890 uxvt
3456 2850 3704 2890 canones
3730 2851 3820 2889 xm

2227 2929 2533 2996 constituit,
2583 2927 2673 2984 cui
2695 2925 2935 2982 Joannes
2979 2925 3271 2996 episcopus
3311 2923 3556 2996 przefuit.
3610 2923 3817 2980 Gerun-

2228 3023 2398 3078 dense
2425 3021 2716 3078 concilium
2731 3033 2877 3075 anno
2900 3034 2977 3074 vu
2995 3016 3318 3074 Theoderici
3343 3017 3488 3088 regis
3513 3017 3588 3072 ab
3617 3017 3820 3088 episco-

2229 3115 2314 3186 pis
2333 3131 2408 3170 vn
2431 3114 2701 3179 habitum,
2727 3127 2836 3169 tera
2858 3127 3032 3180 nxvu,
3055 3125 3299 3167 canones
3325 3125 3359 3164 x
3377 3110 3692 3166 constituit.
3712 3110 3821 3165 C2-

2230 3216 2688 3277 saraugustanum
2723 3205 3015 3262 concilium
3048 3204 3117 3260 ab
3145 3201 3420 3275 episcopis
3463 3219 3545 3258 xu
3577 3203 3820 3258 habitum

2228 3315 2468 3356 canones
2491 3315 2589 3356 vm
2609 3297 2892 3355 constituit
2913 3297 3000 3353 cui
3017 3295 3561 3368 Fetazlius[lt‘itadius
3576 3296 3660 3351 vel
3685 3295 3822 3350 Sira-

2228 3390 2378 3465 dius]
2417 3393 2709 3464 episcopus
2751 3389 2991 3462 praefuit.
3030 3387 3304 3444 llerdensc
3339 3387 3644 3444 concilium
3687 3403 3820 3444 anno

2229 3501 2297 3541 xv
2340 3484 2668 3541 Theodorici
2695 3483 2842 3555 regis
2875 3483 2945 3538 ab
2979 3481 3248 3554 episcopis
3283 3496 3381 3536 vlu
3413 3480 3689 3545 habitum,
3722 3495 3819 3536 ara

2229 3595 2394 3634 nxxrv
2437 3592 2678 3634 canones
2717 3592 2807 3632 xvi
2847 3574 3164 3641 constituit,
3201 3573 3291 3629 cui
3338 3572 3574 3645 Sergius
3615 3573 3814 3644 episto-

2228 3685 2332 3741 pus
2361 3669 2595 3740 pmfuit.
2632 3668 2978 3724 Valentinum
3011 3665 3330 3732 concilium,
3357 3681 3510 3721 anno
3550 3682 3622 3721 xv
3653 3661 3820 3720 Theo-

2227 3762 2402 3820 doriei
2436 3762 2577 3834 regis
2612 3761 2681 3817 ab
2705 3759 2984 3832 episcOpis
2998 3776 3052 3814 vi
3075 3758 3345 3825 habitum,
3368 3774 3480 3812 atra
3507 3773 3623 3829 qua
3645 3773 3816 3828 supra,

2229 3869 2470 3911 canones
2493 3871 2545 3909 vi
2567 3853 2870 3919 constituit,
2885 3853 2974 3908 cui
2995 3850 3247 3908 Celsinus
3269 3851 3571 3922 episcopus
3594 3849 3814 3922 prefuit.

2297 3946 2543 4004 Primum
2611 3945 2934 4002 Toletanum
2983 3943 3276 4020 concilium
3332 3941 3440 3997 sub
3492 3941 3732 3996 Arcadio
3771 3948 3820 3994 et

2228 4036 2472 4093 Honorio
2528 4035 2951 4106 imperatoribus
2991 4033 3061 4088 ab
3092 4031 3364 4104 episcopis
3413 4047 3553 4086 xvm
3582 4031 3816 4086 habitum

2228 4145 2470 4186 canones
2504 4143 2598 4182 xxi
2647 4125 2951 4192 constituit,
2988 4123 3075 4179 cui
3127 4122 3426 4177 Patroinus
3461 4121 3704 4194 praefuit.
3730 4121 3820 4176 Se-

2228 4223 2469 4278 cundum
2514 4219 2858 4285 Toletanum,
2912 4233 3058 4273 anno
3103 4231 3134 4270 v
3179 4215 3445 4270 Amalrici
3499 4215 3651 4288 regis
3689 4213 3818 4286 apud

2228 4314 2548 4370 Montanum
2589 4313 2906 4384 episcOpum
2966 4309 3036 4366 ab
3083 4325 3180 4364 vui
3230 4307 3510 4379 episcopis
3561 4309 3819 4373 habiturn,

2227 4423 2335 4462 azra
2371 4421 2531 4460 eum
2561 4419 2804 4461 canones
2831 4419 2862 4457 v
2887 4401 3188 4457 constituit.
3222 4398 3472 4454 Tertium
3503 4397 3821 4456 Toletanum

2233 4499 2547 4565 concilium,
2609 4512 2754 4552 anno
2802 4512 2854 4550 Iv
2897 4493 3185 4549 Rieharedi
3234 4492 3381 4562 regis
3435 4492 3507 4546 ab
3557 4492 3818 4563 episeOpis

2235 4605 2384 4645 Lxxu
2409 4588 2678 4654 habitum,
2709 4603 2818 4642 azra
2853 4601 3070 4642 ucxxvu
3100 4583 3362 4639 Arianam
3411 4583 3674 4639 haeresim
3695 4600 3820 4639 ana-

2236 4679 2606 4737 thematizavit
2627 4686 2680 4733 et
2717 4689 2909 4732 omnes
2934 4679 3028 4746 qui
3066 4674 3296 4730 concilia
3340 4673 3597 4728 omnium
3643 4675 3821 4728 ortho—

2235 4774 2505 4830 doxorum
2538 4770 2922 4840 episcoporum
2957 4759 3198 4823 consona
3244 4771 3488 4836 quatuor
3507 4762 3818 4834 principali-

2235 4865 2340 4920 bus
2371 4861 2593 4936 synodis
2617 4876 2728 4916 non
2764 4866 3116 4930 receperunt,
3147 4855 3344 4912 deinde
3365 4855 3552 4926 capita
3586 4871 3684 4910 xm
3707 4867 3820 4910 eon-

2235 4957 2431 5013 stituit.
2459 4955 2727 5022 Quartum
2753 4951 3074 5006 Toletanum
3099 4948 3394 5004 concilium
3422 4961 3574 5002 anno
3598 4963 3659 5002 ιιι
3685 4945 3818 5000 Sise-

2238 5047 2404 5104 nandi
2457 5047 2657 5118 regisa
2712 5060 2780 5100 ιιι
2809 5041 3099 5114 episcopis,
3147 5055 3254 5096 tera
3311 5055 3550 5095 ecum
3591 5051 3816 5094 canones

2240 5155 2379 5195 Lxxv
2403 5137 2707 5195 constituit.
2737 5135 2998 5202 Quintum
3031 5132 3354 5186 Toletanum
3379 5131 3676 5186 concilium
3699 5139 3813 5184 tem-

2237 5245 2371 5272 mm
2402 5228 2649 5274 Quintil“:
2679 5225 2823 5274 regis
2852 5225 2920 5274 ah
2954 5221 3224 5274 eniseouis
3252 5236 3385 5274 xxiv
3419 5221 3691 5274 habitum.
3715 5233 3810 5273 tera
