3986 5312
206 221 349 280 19.09

1094 217 1367 275 APPEND
1424 218 1514 275 III.
1552 248 1624 265 -
1660 217 2097 275 MONUMENTA
2134 212 2609 279 (ἰΙίΕΒΟΒΙΛ-Ῑίὶ.

3346 218 3488 278 {ilo

200 337 514 409 Septimum
539 333 863 391 Toletanum
886 332 1179 390 concilium
1205 349 1402 390 annov
1433 334 1791 391 Cindasiundi
1820 338 1868 393 Α
1893 337 2245 406 perspexerit.
2298 335 2402 393 Per
2446 335 2785 393 contrarium
2836 342 3019 392 autem
3072 350 3347 407 nusquam
3394 336 3487 392 illa

200 425 654 502 [Cbindasuindi‘]
691 427 835 497 regis
860 426 931 481 ab
959 426 1233 496 episcopis
1271 443 1380 481 xu
1413 426 1661 483 habitum
1696 442 1791 482 ca-

199 537 381 578 nones
405 537 461 576 vt
485 519 788 577 constituit.
820 518 1084 573 Octavum
1137 517 1462 573 Toletanum
1497 519 1792 574 concilimn

200 629 361 668 χχχιι
397 627 637 668 canones
661 610 964 666 constituit.
999 608 1215 664 Nonum
1257 608 1580 667 Toletanum
1611 611 1796 666 conci-

201 703 343 760 lium
376 718 524 759 anno
557 718 634 758 vn
665 701 991 758 Recesuindi
1016 701 1161 774 regis
1179 702 1251 758 ab
1280 702 1550 775 episcopis
1586 718 1675 758 χιί
1697 702 1796 758 ha-

199 792 405 862 bitum,
429 811 534 851 tera
547 810 726 861 ocxtv,
753 808 992 849 canones
1025 809 1134 847 xvu
1169 793 1475 848 constituit.
1512 794 1794 850 Decimum

202 902 356 943 anno
386 903 441 941 ιχ
464 885 790 941 Recesuindi
810 886 954 957 regis
979 885 1048 941 ab
1069 885 1341 957 episcopis
1368 900 1503 941 xvtn
1522 885 1792 953 habitum,

201 995 314 1035 acra
337 993 803 1045 ncxcvt,eanones
834 994 868 1032 χ
894 978 1149 1043 instituit,
1178 978 1269 1034 cui
1288 976 1565 1050 Eugenius
1577 977 1795 1035 Toleta-

202 1085 315 1126 nus
345 1070 637 1140 episcopus
665 1068 903 1143 praefuit.
942 1067 1302 1125 Undecimum
1346 1085 1492 1125 anno
1520 1086 1571 1125 iv
1600 1070 1793 1126 Wam-

201 1160 335 1216 bani
361 1163 505 1233 regis
537 1162 606 1219 ab
630 1161 901 1232 episcopis
934 1178 1065 1228 xvn,
1088 1177 1196 1217 tera
1217 1178 1680 1230 nccxrv,canones
1703 1180 1794 1219 xvi

202 1254 514 1319 constituit,
542 1252 629 1309 cui
661 1252 917 1320 Quiricus
964 1252 1261 1310 Toletanus
1314 1256 1603 1325 episcopus
1653 1272 1793 1326 prae—

202 1345 330 1401 fuit.
362 1346 781 1412 Duodecimum,
812 1362 958 1402 anno
986 1363 1003 1401 ι
1033 1345 1236 1419 Ervigii
1259 1348 1402 1419 regis
1435 1349 1505 1404 ab
1523 1348 1795 1420 episcopis

202 1456 304 1504 ιιι,
334 1455 446 1495 tera
479 1455 695 1507 nccxtx,
724 1440 794 1494 ab
834 1439 1018 1496 idibus
1062 1438 1309 1496 Januarii
1357 1457 1534 1513 usque
1581 1442 1651 1498 ad
1697 1460 1795 1500 vnt

201 1531 479 1587 Kalendas
500 1531 760 1587 Februar.
786 1532 1055 1599 habitum,
1096 1548 1336 1589 canones
1368 1549 1458 1589 χιν
1488 1534 1792 1605 constituit,

200 1624 294 1680 cui
328 1622 582 1678 Julianus
608 1622 949 1694 lIispalensis
970 1626 1261 1695 cpiscopus
1289 1624 1526 1696 praefuit.

272 1714 521 1770 Primum
548 1713 880 1771 Bracarense
914 1717 1227 1781 concilium,
1258 1734 1404 1773 anno
1434 1735 1493 1774 ιιι
1534 1718 1791 1775 Arimarii

199 1804 456 1878 [Ariamit
473 1806 511 1879 i]
537 1808 681 1877 regis
708 1808 778 1861 ab
821 1808 1099 1879 episcOpis
1121 1825 1195 1863 vn
1242 1809 1511 1875 habitum,
1538 1821 1793 1868 currente

197 1910 312 1950 tera
347 1912 537 1964 ιιιχιχ,
570 1897 750 1967 capita
790 1914 901 1953 xvu
946 1909 1140 1954 contra
1187 1898 1632 1959 Priscillianistas
1665 1919 1793 1974 pro-

195 1988 506 2059 mulgavit;
536 1988 730 2044 deinde
764 2006 877 2045 χχιι
896 2006 1135 2049 canones
1149 1994 1450 2049 constituit.
1481 1992 1793 2052 Secundum

194 2079 539 2137 Braearense
591 2082 907 2150 concilium,
957 2100 1105 2140 anno
1156 2102 1195 2141 ιι
1252 2082 1372 2141 Miri
1420 2086 1670 2159 [Mil-onis
1712 2090 1792 2144 vel

193 2168 495 2241 Ariamini]
540 2171 684 2241 regis
729 2171 799 2227 ab
827 2172 1098 2244 episcopis
1122 2191 1199 2230 χιι
1231 2175 1500 2243 habitum,
1537 2188 1793 2235 currente

194 2277 308 2316 tera
339 2278 469 2329 ncx,
496 2278 736 2319 canones
759 2281 792 2318 χ
826 2267 1131 2333 constituit,
1168 2268 1258 2323 cui
1292 2267 1561 2327 Martinus
1591 2269 1793 2327 Braca-

195 2352 382 2407 rensis
401 2353 691 2424 episcopus
723 2354 959 2425 praefuit.
998 2357 1244 2415 Tertium
1294 2359 1628 2418 Bracarense
1655 2380 1790 2419 con-

196 2443 388 2499 cilium
434 2462 492 2499 χι
532 2446 938 2518 episcoporum,
974 2449 1335 2509 Orientalium
1384 2453 1607 2510 Patrum
1664 2473 1790 2512 cum

195 2538 393 2593 eodem
410 2536 646 2594 Martino
661 2542 993 2612 escerpsitet
1013 2546 1321 2602 emendavit
1355 2538 1598 2619 subjecta
1621 2566 1791 2606 ιχχιιι

195 2630 400 2700 capita.
463 2629 729 2698 Quartum
784 2631 1118 2694 Bracarense
1174 2640 1488 2707 concilium,
1545 2657 1691 2696 anno
1740 2659 1790 2697 tv

194 2720 497 2776 Wambani
528 2724 675 2794 regis
705 2724 774 2780 ab
799 2727 1070 2799 episcopis
1106 2745 1159 2783 ιχ
1182 2729 1450 2797 habitum,
1488 2749 1596 2788 tera
1626 2750 1789 2789 ncxtv

194 2828 441 2868 canones
474 2830 571 2868 vni
597 2815 902 2887 constituit,
938 2818 1027 2875 cui
1052 2817 1293 2877 Isidorus
1321 2820 1658 2894 Ilispalcnsis
1677 2826 1793 2898 epi-

192 2920 403 2977 sc0pus
431 2904 698 2963 interfuit.

1894 425 2136 495 recipere.
2168 426 2430 481 debemus
2454 442 2797 497 qum-cunque
2832 426 3152 496 apostolicis
3178 436 3234 482 et
3263 428 3487 483 univer-

1895 518 2105 573 salibus
2134 518 2395 575 institutis
2414 519 2691 575 adversari
2706 518 3060 591 percipimus,
3083 535 3153 574 ne
3173 519 3359 575 itidem
3384 519 3491 575 sub

1896 607 2198 664 inevitabili
2227 612 2574 666 anathemate
2604 626 2915 682 pereamus.
2945 610 3145 667 Beatus
3175 612 3323 667 enim
3353 610 3491 667 Grc-

1895 700 2082 771 gorius
2107 717 2245 773 papa
2272 703 2482 772 primus
2517 719 2709 760 omnes
2751 719 2784 758 a
2816 702 3210 774 principalibus
3239 703 3492 761 conciliis

1894 795 2281 852 dissentientes
2302 794 2357 849 in
2392 794 2653 867 synodica
2678 809 2779 849 sua
2808 794 3311 850 anathematizavit.
3340 794 3489 851 Idem

1896 889 2022 943 alibi
2047 888 2233 943 omnia
2255 887 2429 943 sacris
2444 887 2747 942 canonibus
2760 887 2987 943 adversa
3016 886 3121 943 sub
3141 887 3514 943 anathemate~

1895 980 2195 1038 damnavit.
2251 977 2348 1035 llis
2395 978 2587 1049 utique
2649 977 2934 1034 sententiis
2992 977 3070 1032 illi
3119 977 3507 1034 indubitanter

1895 1074 2219 1138 multantur,
2250 1072 2566 1143 quicunque
2589 1071 2795 1142 aliquid
2820 1070 2876 1126 in
2899 1070 3222 1127 canonicam
3248 1070 3491 1133 auctori:-

1895 1173 2064 1221 tatem
2092 1163 2333 1237 recipere
2352 1172 2694 1234 praesumunt
2715 1163 2862 1233 quod
2890 1162 3222 1217 authenticis
3252 1162 3492 1218 sanctio-

1896 1257 2063 1313 nibus
2084 1256 2365 1314 adversari
2390 1254 2822 1326 deprehendunt.
2854 1254 3021 1311 Beato
3048 1270 3269 1326 quoque
3295 1254 3489 1326 Augu-

1896 1349 2043 1406 stino
2070 1358 2347 1405 asserente
2370 1348 2665 1404 didicimus
2693 1348 2838 1418 quod
2864 1347 2955 1402 illa
2984 1346 3216 1403 conicilia
3243 1362 3366 1417 qua:
3394 1361 3493 1418 per

1896 1442 2145 1513 singulas
2186 1440 2435 1513 regiones
2467 1442 2550 1496 vel
2582 1440 2890 1510 provincias
2934 1438 3092 1507 ﬁunt,
3117 1439 3492 1510 plenariorum

1895 1534 2255 1590 conciliorum
2283 1533 2620 1601 auctoritati,
2645 1549 2768 1605 quae
2786 1548 2854 1588 ex
2880 1532 3139 1589 universo
3164 1532 3299 1589 orbe
3324 1530 3492 1588 Chri-

1898 1626 2077 1682 stiano
2111 1625 2269 1692 ﬁunt,
2296 1626 2416 1681 sine
2447 1626 2571 1681 ullis
2596 1626 2920 1698 ambagibus
2942 1626 3163 1683 cedunt.

1826 1687 1869 1742 Β
1964 1717 2041 1774 De
2062 1717 2386 1774 auctoritate
2412 1728 2594 1774 autem
2623 1687 2869 1789 ipsorvum
2892 1718 3291 1790 poutiﬁcalium
3309 1717 3492 1774 decre-

1893 1818 2073 1866 torum
2106 1811 2252 1866 nulla
2283 1811 2443 1867 nobis
2469 1811 2738 1869 dubitatio
2764 1811 3115 1883 relinquitur,
3138 1827 3264 1867 cum
3293 1819 3348 1866 et
3373 1809 3491 1881 ipsa

1894 1903 2223 1958 universalia
2252 1904 2482 1961 concilia
2503 1905 2885 1960 auctoritatem
2905 1904 3103 1960 exinde
3128 1902 3491 1975 perceperint,

1893 2011 1995 2052 nec
2017 1996 2236 2053 aliunde
2258 1996 2574 2069 synodicam
2601 1997 2915 2054 ﬁrmitatem
2959 1996 3160 2052 habere
3190 1996 3507 2067 potuerinta

1894 2084 2021 2143 Ilzec
2045 2103 2177 2159 ergo
2192 2097 2247 2143 et
2269 2103 2371 2143 nos
2397 2087 2865 2143 irretractabiliter
2887 2088 3181 2144 observare
3201 2087 3492 2152 debemus,

1894 2189 1954 2236 ut
1988 2180 2270 2251 apostolici
2317 2179 2506 2237 Patres
2548 2180 2798 2236 nobisex
2839 2180 3139 2252 apostolica
3168 2178 3493 2237 auctoritate

1893 2284 2288 2344 praeceperunt,
2311 2289 2407 2344 per
2436 2290 2602 2345 quam
2623 2282 2679 2328 et
2719 2274 2954 2330 aliorum
2991 2281 3198 2329 statuta
3233 2271 3392 2327 nobis
3420 2271 3513 2327 ad

1893 2366 2294 2422 observandum
2308 2366 2667 2423 canonizasse
2685 2366 2959 2438 leguntur,
2979 2382 3173 2437 nempe
3184 2364 3491 2421 beatissimi

1892 2457 2084 2515 Patres
2110 2459 2285 2515 nostri
2307 2458 2576 2516 Damasus
2601 2469 2656 2515 et
2673 2459 2782 2516 Leo
2803 2459 3063 2531 Magnus:
3084 2475 3321 2530 quorum
3350 2459 3491 2515 alter

1894 2552 2195 2608 secundum
2224 2552 2532 2607 universale
2587 2553 2880 2609 concilium
2906 2594 2921 2619 ,
2965 2553 3102 2608 alter
3133 2562 3414 2623 quartum,
3440 2551 3492 2605 id

1891 2650 1977 2697 cst
2000 2642 2442 2699 Cbalcedoncnse
2477 2644 2793 2711 concilium,
2827 2645 3129 2715 apostolica
3169 2644 3493 2701 auctoritate

1893 2733 2149 2791 ﬁrmavit.
2183 2734 2310 2805 Ipsi,
2360 2735 2606 2807 inquam,
2633 2737 2822 2792 cadent
2852 2736 3175 2792 auctoritate
3215 2745 3270 2792 et
3304 2737 3494 2793 eadem

1892 2842 2027 2880 voce
2057 2827 2129 2882 ita
2178 2828 2503 2899 generaliter
2542 2829 2866 2884 decrevere:
2905 2848 2924 2881 ι
2969 2827 3187 2894 Omnia,
3217 2828 3492 2899 inquiunt.

1893 2917 2185 2975 decretalia
2218 2920 2685 2989 praedecessorum
2715 2929 3054 2988 nostrorum,
3075 2936 3200 2992 qua:
3225 2921 3293 2976 de
3320 2921 3505 2983 eecle-_

268 2997 518 3053 Primum
571 2997 891 3070 IIispalense
927 3003 1218 3060 concilium
1264 3022 1411 3062 anno
1450 3007 1795 3086 vIIicbaredi
1825 3039 1866 3096 ρ
1900 3011 2138 3068 siasticis
2193 3010 2481 3069 ordinibus
2530 3021 2586 3068 et
2645 3027 2918 3069 canonum
2974 3013 3315 3084 promulgata
3366 3020 3505 3068 sunt

195 3091 345 3163 regis
367 3091 437 3146 ab
465 3092 738 3164 episcopis
759 3111 813 3149 vi
846 3096 1113 3163 habitum,
1136 3114 1244 3154 atra
1266 3115 1525 3167 ncxxvnt,
1549 3117 1792 3158 canones

197 3199 263 3238 ιιι
288 3182 513 3251 statuit;
538 3200 628 3239 cut
670 3181 915 3242 Leander
953 3185 1290 3258 llispalcusis
1329 3190 1622 3263 episcopus
1650 3209 1791 3263 prae-

198 3272 329 3341 fuit,
378 3273 447 3329 ad
478 3290 641 3346 quem
693 3289 917 3335 S.tll(‘l.llS
951 3278 1247 3350 Gregorius
1287 3280 1511 3337 Moralia
1548 3284 1788 3353 scripsit.

199 3364 519 3420 Secundum
546 3364 867 3437 IIispalense
911 3370 1226 3438 concilium,
1267 3381 1508 3444 tempore
1555 3374 1792 3431 Sisebuti

195 3457 349 3529 regis
390 3457 459 3512 ab
498 3458 770 3529 episcopis
808 3475 903 3515 vin
933 3461 1202 3530 habitum,
1232 3480 1341 3520 aera
1393 3482 1590 3533 ocu'n,
1625 3483 1794 3522 cauo-

197 3564 302 3605 nrs
324 3565 401 3604 χιι
443 3551 731 3606 constituit
774 3553 1035 3624 subjectis
1071 3572 1214 3611 XLVII
1250 3558 1520 3628 capitibus
1559 3560 1625 3615 de
1656 3560 1789 3630 ﬁde;

198 3641 295 3696 cui
325 3642 560 3698 concilio
589 3643 650 3698 Β.
683 3642 926 3702 Isidorus
964 3644 1305 3718 Ilispaleusis
1331 3650 1621 3722 cpiscopus
1657 3670 1793 3723 prte-

197 3731 329 3799 l’uit,
358 3734 453 3804 qui
490 3750 692 3806 corpus
740 3752 1015 3792 canonum
1040 3741 1463 3812 compagiuavit.
1502 3742 1794 3818 llucusque

198 3827 435 3883 Concilio
473 3825 881 3899 Hispaniarum.

272 3918 402 3975 Iltec
424 3928 552 3975 sunt
588 3937 718 3991 ergo
735 3922 1072 3979 diversarum
1098 3924 1507 3994 provinciarum
1538 3929 1790 3998 concilia,

198 4028 329 4085 qum
354 4012 646 4083 praedictus
680 4013 920 4071 Isidorus
948 4016 1355 4089 inCollectario
1390 4036 1490 4075 suo
1520 4020 1585 4075 de.
1623 4038 1791 4077 cano-

198 4105 370 4160 nibus
402 4104 820 4174 diligentissime
845 4108 1133 4180 descripsit
1160 4128 1175 4177 ;
1215 4126 1376 4180 quem
1409 4112 1595 4182 utique
1616 4114 1795 4171 Colle-

198 4197 441 4253 ctarium
496 4197 543 4253 si
573 4199 696 4268 quis
726 4200 966 4257 studiose
994 4202 1299 4275 perlegerit,
1340 4205 1651 4274 plenissime
1681 4207 1791 4275 illa,

199 4306 328 4362 qua:
372 4305 472 4344 nos
502 4293 816 4347 summatim
862 4310 1029 4365 supra
1072 4294 1366 4367 tetigimus,
1422 4313 1481 4354 se
1522 4297 1796 4356 invenisse

201 4382 480 4454 gaudebit.

276 4474 482 4530 Praeter
507 4476 622 4532 lucc
655 4488 835 4533 autem
866 4479 1020 4550 plura
1069 4481 1419 4539 inveniuntur
1450 4485 1700 4551 concilia,
1738 4495 1800 4542 ut

198 4560 604 4637 Moguntiense,
623 4565 989 4635 Nannctense,
1008 4580 1061 4627 et
1084 4573 1188 4627 alia
1206 4574 1519 4643 lmjusmotli
1542 4588 1797 4635 sexcenta

200 4672 328 4726 qua:
358 4666 542 4711 tamen
587 4673 934 4728 nequaquam
970 4672 1319 4720 contemnere
1359 4666 1642 4733 debemus,
1669 4686 1795 4724 cum

200 4749 376 4803 multa
407 4748 462 4802 in
492 4749 579 4805 bis
606 4749 988 4808 ecclesiastica:
1007 4754 1347 4825 dispositioni
1378 4759 1681 4814 necessaria
1712 4777 1797 4816 re-

200 4846 520 4917 periamus;
557 4848 858 4917 praesertim
899 4866 1023 4905 cum
1045 4861 1099 4906 et
1123 4850 1355 4908 Romani
1394 4854 1675 4923 pontifices
1706 4855 1796 4911 illa

202 4955 301 5009 per
329 4939 643 5009 provincias
670 4940 931 4996 celebrari
969 4943 1254 5014 jusserint,
1304 4961 1475 5016 caque
1506 4946 1620 5003 suis
1648 4949 1796 5020 lcga-

201 5032 451 5087 ti'mibus
474 5034 818 5088 auctorizarc
845 5038 1245 5092 consueverint.
1280 5038 1394 5094 Iloc
1420 5054 1550 5105 vero
1571 5057 1798 5111 genera-

1897 3103 2221 3175 disciplinis,
2248 3105 2321 3159 ita
2353 3104 2612 3161 omnibus
2636 3105 2907 3175 episcopis
2927 3121 2957 3160 a
2979 3104 3193 3161 cunctis
3220 3103 3507 3176 genesali-.

1893 3203 1977 3250 ter
2021 3196 2396 3253 sacerdotibus
2436 3196 2701 3253 custodiri
2736 3197 2933 3253 debere
2972 3198 3317 3264 mandamus,
3356 3206 3419 3253 ut
3444 3196 3492 3254 si

1893 3288 2019 3358 quis
2050 3289 2103 3343 in
2135 3289 2225 3345 illa
2255 3290 2613 3355 commiserit,
2641 3290 2858 3345 veniam
2883 3290 2987 3347 sibi
3001 3290 3258 3360 deinceps
3281 3289 3505 3345 noverit.

1893 3381 2172 3452 denegari.
2208 3401 2226 3435 ι
2284 3381 2429 3437 Idem
2474 3382 2747 3439 Damasus
2774 3384 2902 3439 alibi
2934 3383 3193 3439 onmibus
3218 3382 3493 3453 episcopis

1894 3474 2176 3529 scribens:
2216 3495 2233 3526 ι
2267 3473 2621 3543 Observctur,
2668 3476 2866 3546 inquit,
2904 3476 2973 3531 ab
3019 3476 3276 3531 omnibus
3305 3484 3366 3531 ut
3401 3474 3492 3530 illa

1894 3580 2128 3636 semper,
2160 3583 2282 3637 quae
2314 3569 2613 3638 apostolica
2645 3569 2989 3625 institutione
3043 3579 3098 3624 et
3131 3567 3353 3623 Patrqu
3378 3577 3413 3622 ιι
3428 3583 3489 3623 a-

1894 3658 2100 3715 ditione
2147 3669 2277 3715 sunt
2324 3662 2641 3728 constituta,
2665 3662 2769 3717 sub
2812 3670 2959 3717 metu
2994 3659 3355 3731 irrel‘ragabili
3386 3675 3491 3714 au-

1896 3752 2148 3807 ctoritate
2173 3762 2480 3808 teneantur.
2527 3773 2544 3804 ι
2584 3754 2718 3808 item
2745 3754 2941 3809 beatus
2969 3754 3183 3825 Agatho
3213 3768 3371 3823 papa,
3396 3750 3495 3822 qui

1897 3860 1948 3898 l\'
1973 3843 2335 3899 universalem
2359 3845 2632 3916 synodum
2674 3861 2772 3915 per
2816 3846 3027 3920 legatos
3074 3860 3206 3899 suos
3233 3844 3495 3911 instituit,

1894 3946 1948 3990 et
1978 3935 2283 3990 institutam
2314 3938 2612 4006 apostolica
2640 3937 2968 3997 auctoritate
3014 3936 3283 3991 firmavit:
3322 3955 3339 3987 ι
3378 3934 3492 4004 Sic,

1896 4026 2093 4099 inquit,
2123 4042 2316 4082 omnes
2344 4028 2658 4098 apostoliczc
2687 4028 2835 4084 sedis
2883 4028 3195 4083 sanctiones
3217 4026 3503 4096 accipien-.

1896 4121 1979 4183 dte
2008 4131 2155 4185 sunt,
2182 4129 2446 4191 tanquam
2470 4120 2642 4190 ipsius
2665 4118 3006 4175 Petridivina
3035 4136 3167 4175 voce
3196 4118 3440 4173 firmata.
3465 4135 3486 4168 ι

1896 4211 2028 4267 Item
2063 4228 2351 4268 successor
2379 4227 2572 4267 eorum
2600 4212 2793 4267 beatus
2823 4210 3080 4267 Nicolaus
3109 4226 3247 4280 papa
3276 4209 3492 4281 primus

1898 4306 2108 4377 synodo
2133 4305 2372 4376 generali
2412 4304 2733 4375 prmsidcns,
2776 4304 3024 4375 ejusdem
3062 4304 3254 4374 synodi
3280 4302 3491 4373 judicio

1830 4391 1873 4446 D
1899 4397 2137 4453 decrevit
2168 4417 2187 4449 ι
2220 4406 2279 4452 ιιι
2328 4398 2492 4454 etiam
2524 4398 2817 4453 anathema
2857 4405 3004 4452 esset
3039 4396 3356 4467 quicunque
3395 4393 3492 4449 de-

1900 4498 2047 4545 creta
2061 4506 2091 4544 a
2107 4489 2357 4545 Romano
2373 4489 2627 4560 pontiﬁce
2637 4489 2978 4560 promulgata
2999 4489 3440 4560 contempsisset.
3465 4505 3487 4540 ι

1902 4581 2135 4638 Sanctus
2158 4599 2375 4653 quoque
2405 4583 2680 4637 Adrianus
2711 4598 2848 4652 papa
2868 4582 3032 4636 etiam
3079 4597 3235 4652 rcges
3260 4578 3461 4636 anatlte
3479 4608 3492 4618 ο

1899 4674 2125 4730 matizat
2143 4676 2458 4747 quicunque
2506 4675 2654 4731 sedis
2699 4675 3009 4746 apostolica:
3044 4674 3267 4730 decreta
3293 4671 3503 4727 violare

1898 4782 2005 4821 nor.
2034 4767 2350 4825 formidant.

1972 4856 2067 4915 Ilis
2091 4878 2220 4933 ergo
2242 4858 2574 4918 testimoniis
2597 4861 2735 4916 satis
2764 4859 3056 4915 educentur
3082 4875 3259 4930 quam
3284 4850 3511 4915 indubi-

1901 4960 2083 5008 tanter
2109 4951 2430 5025 apostolicis
2460 4952 2729 5008 institutis
2756 4952 2978 5008 obedire
3003 4950 3336 5013 debeamus.

1971 5043 2101 5105 Haec
2134 5058 2263 5108 sunt
2304 5045 2469 5117 igitur
2497 5046 2872 5103 ecclesiastica
2899 5051 3113 5101 statuta
3160 5060 3277 5108 tam
3305 5047 3364 5101 in
3384 5050 3522 5094 con-

204 5124 329 5180 liter
357 5125 415 5179 in
438 5126 1211 5197 quibuslibetprovincialibus
1229 5132 1475 5187 conciliis
1496 5143 1578 5186 est
1608 5135 1802 5193 obscr-
1902 5137 2046 5194 ciliis
2071 5158 2233 5213 quam
2274 5141 2331 5196 in
2368 5136 2772 5206 pontiﬁcalibus
2807 5135 3066 5199 decretis,
3094 5146 3316 5209 quibus
3336 5126 3532 5189 Εεθιθ*

203 5216 470 5282 vaudum,
486 5225 545 5270 ut
571 5217 626 5271 ill
647 5232 796 5272 asem
803 5234 896 5288 per
915 5221 1091 5291 capita
1114 5222 1441 5291 recipiamus
1455 5238 1799 5299 quzecuuquc

1905 5231 2130 5291 siastica
2159 5231 2454 5305 disciplina
2496 5245 2527 5284 a
2557 5232 2897 5303 temporibus
2939 5239 3345 5301 apostolorum
3372 5217 3533 5281 iusti-
