3986 5312
421 268 555 326 illi

1336 284 1347 290 ί
1395 263 1492 322 se
1529 261 1758 320 orans
1797 263 1854 319 s.
1897 257 2228 318 casconn
2264 238 2713 314 uersantem.
2780 240 2785 245 ’

3560 245 3698 301 lii!

416 382 567 455 quod
595 390 910 441 sanctorum
950 381 1166 454 legibus
1193 383 1368 453 possit
1398 383 1642 439 obviare.
1689 397 1707 431 ι
1755 377 2001 448 Proprie,
2019 376 2080 433 -A
2104 374 2486 446 episcoporum
2519 370 2816 441 intelligere
2845 367 3166 425 debeamus:
3199 362 3446 418 videlicet
3475 370 3701 455 utpra-

417 474 665 545 inquam,
709 473 1050 530 sacerdotum
1099 488 1211 527 non
1237 473 1536 545 incongrue
1563 473 1842 535 dicuntur,
1877 483 2005 523 eum

417 583 611 623 eorum
668 568 902 638 speciale
947 568 1018 622 sit
1060 566 1297 622 omcium
1328 576 1388 622 ut
1408 566 1511 622 sibi
1559 575 1614 622 et
1657 567 1777 622 aliis
1808 578 2008 623 secun-

419 657 551 712 dum
582 673 821 714 canones
858 658 1162 729 providere,
1196 667 1269 726 et,
1298 658 1346 714 si
1388 659 1517 731 quid
1544 673 1826 730 perperam
1855 669 2011 713 cont-

420 750 688 818 mittitur,
734 750 1037 806 secundum
1098 750 1320 807 eosdem
1373 753 1668 807 emendare
1718 758 2004 806 conentur.

425 838 583 897 Unde
607 849 665 897 et
687 857 719 896 a
749 839 807 897 S.
839 840 1140 897 lecstino
1165 857 1304 913 papa
1325 858 1422 897 eos
1442 842 1697 914 ignorare
1715 842 2011 913 prohiben—

422 941 532 988 tur.
563 930 700 988 Nam
722 949 1069 1006 nequaquam
1090 934 1175 989 vel
1207 950 1267 990 se
1295 934 1379 990 vel
1409 935 1547 990 alios
1591 934 1889 1005 secundum
1915 948 2010 988 ca-

424 1037 599 1078 nones
628 1021 928 1080 informare
953 1033 1200 1094 possent.
1224 1024 1271 1079 si
1300 1039 1574 1080 canonum
1599 1022 2014 1078 informationcs

425 1113 761 1185 ignorarent.
812 1113 1157 1187 Quapropter
1185 1115 1561 1172 sacerdotibus
1598 1116 1906 1171 necessaria
1932 1124 2017 1170 est

426 1206 657 1263 scientia
705 1223 1001 1264 canonum.
1052 1207 1205 1265 Hane
1238 1217 1421 1264 autem
1470 1208 1628 1265 nobis
1667 1209 1742 1264 ita
1795 1208 2019 1279 potissi-

428 1314 579 1354 mum
602 1316 923 1372 comparare.
944 1302 1268 1373 poterimus,
1298 1303 1343 1357 si
1368 1318 1463 1357 eos
1485 1300 1798 1373 frequenter
1818 1302 2016 1372 legere,

427 1398 485 1446 et
531 1391 586 1446 in
616 1393 847 1464 legendo
888 1395 1308 1466 competentiam
1358 1410 1555 1450 sensus
1585 1394 1860 1465 inquirere
1900 1402 2020 1448 stu-

429 1485 681 1541 deamus.
713 1484 851 1541 Nam
881 1487 1134 1558 quamvis
1182 1487 1324 1543 sacri
1377 1502 1618 1543 canones
1658 1494 1902 1557 apertam
1941 1484 2024 1540 vi-

429 1576 664 1633 dcantur
684 1579 1018 1649 praztendere
1039 1580 1423 1646 litteraturam,
1454 1579 1623 1635 multa
1652 1588 1834 1634 tamen
1866 1578 1919 1633 in
1943 1578 2025 1634 eis

430 1670 665 1726 obscura
701 1672 1068 1742 reperiuntur,
1126 1688 1251 1744 qua:
1299 1689 1329 1727 a
1382 1671 1869 1743 nt‘gligcntioribus
1921 1670 2024 1725 ali-

429 1763 651 1833 quando
679 1764 975 1820 lectoribus
1006 1765 1163 1837 quasi
1194 1764 1381 1821 minus
1425 1765 1623 1820 idonea
1670 1764 2023 1835 deputantur,

431 1870 561 1926 quae
590 1856 873 1926 aptissima
903 1866 1052 1925 sunt,
1085 1857 1133 1912 si
1160 1866 1534 1929 competenter
1560 1857 1953 1928 intelligantur.

462 1976 465 1981 >
503 1945 576 2002 Ut
597 1948 730 2004 illud
751 1947 1184 2006 Nicmuiconcilii
1202 1951 1268 2006 de
1289 1951 1593 2007 mutatione
1606 1950 1987 2021 episcoporum
2011 1967 2025 2004 :

434 2053 493 2094 si
532 2039 699 2111 hujus
745 2042 961 2098 concilii
1025 2043 1221 2114 capite,
1259 2043 1478 2114 penitus
1526 2043 1849 2115 prohibetur
1896 2063 1914 2095 ι
1959 2058 2030 2100 ne

432 2133 728 2203 cpiscopus
775 2135 843 2190 de
897 2135 1117 2191 civitate
1161 2136 1215 2191 in
1268 2136 1545 2192 civitatem
1591 2136 1962 2207 transmigret.
2004 2155 2023 2189 ι

434 2223 572 2279 Item
601 2226 796 2283 beatus
821 2226 1092 2285 Damasus
1114 2244 1252 2301 papa
1273 2239 1397 2300 post
1422 2227 1702 2285 Nicmnum
1734 2229 2029 2285 concilium

434 2316 693 2372 omnibus
719 2318 992 2389 episcOpis
1036 2320 1284 2375 scribens
1313 2329 1425 2374 tam
1452 2319 1718 2393 rdistricte
1769 2321 2033 2375 mutatio-

436 2422 562 2462 nem
598 2409 980 2480 episcoporum
1004 2410 1303 2482 prohibuit,
1329 2421 1389 2467 ut
1413 2412 1894 2484 transmigrantem
1929 2413 2032 2468 sub

437 2503 1007 2557 excommunicationc
1036 2503 1091 2558 in
1143 2504 1323 2560 locum
1357 2520 1517 2560 suum
1554 2506 1910 2571 revocaverit,
1943 2506 2031 2561 cui

438 2589 607 2647 etiam
648 2593 988 2649 sacerdotale
1034 2593 1282 2650 cilicium
1326 2594 1607 2651 interdixit
1653 2595 1894 2666 quandiu
1945 2595 2034 2651 ille

439 2684 667 2752 viveret,
691 2686 739 2741 si
760 2702 923 2757 quem
947 2686 1089 2743 forte
1110 2702 1485 2744 successorem
1509 2686 1652 2743 infra
1679 2703 1837 2743 suam
1862 2698 2037 2744 trans-

442 2777 825 2848 migrationem
861 2779 1182 2850 accepisset.

512 2868 859 2927 Sanctissimi
889 2879 1071 2926 autem
1117 2879 1386 2943 martyres
1418 2878 1474 2926 et
1530 2870 1815 2941 apostolici
1857 2870 2037 2941 ponti-

442 2962 574 3019 ﬁces
620 2962 927 3032 Evaristus,
979 2962 1241 3021 Callistus
1275 2974 1332 3019 ct
1380 2963 1662 3018 Anthcrus
1709 2973 1835 3019 ante
1862 2961 2038 3019 Niem-

2107 472 2486 540 sumptuosam
2519 472 2574 519 et
2610 461 2957 517 ambitiosam
2982 457 3338 512 mutationem
3381 470 3510 509 cum
3536 449 3711 508 Nice-

2109 575 2182 616 no
2209 557 2446 614 concilio
2473 557 2835 620 damnemus;
2876 550 3240 607 necessariam
3275 562 3406 603 vero
3433 556 3491 602 et
3520 546 3708 601 utilem

2110 666 2237 708 cum
2265 647 2563 721 apostolica
2600 645 2929 702 auctoritate
2949 643 3299 713 recipiamus.

2181 742 2335 809 Item,
2372 741 2429 797 S.
2455 740 2714 796 Callistus
2749 754 2887 810 papa
2915 756 2928 791 :
2968 756 2987 787 ι
3027 735 3339 800 Mutandus,
3371 732 3577 803 inquit,
3603 731 3687 801 cpi

2112 844 2333 910 scepus,
2364 848 2471 888 non
2499 848 2596 904 per
2617 848 2677 888 se
2698 832 2801 887 hoc
2825 837 2971 902 agat,
2995 828 3110 894 sed,
3140 826 3403 882 fratribus
3428 823 3710 878 invitanti-

2111 934 2237 1001 bus,
2268 947 2392 987 cum
2417 926 2744 985 am'toritatc
2781 923 2947 993 hujus
2977 928 3179 977 sancta:
3204 918 3349 974 sedis
3382 916 3574 981 faciat,
3612 931 3716 969 non

2116 1033 2296 1080 tamen
2333 1023 2571 1078 ambitus
2599 1032 2787 1082 causa,
2834 1015 2930 1071 sed
2962 1021 3057 1069 aut
3091 1011 3422 1067 necessitate
3444 1017 3546 1063 aut
3568 1007 3717 1061 utili-

2117 1127 2246 1173 tate.
2287 1135 2305 1170 ι
2333 1114 2488 1182 Item,
2516 1112 2573 1169 S.
2604 1112 2886 1167 Evaristus
2915 1125 2928 1165 :
2967 1125 2984 1157 ι
3018 1104 3340 1175 Episcopus,
3373 1100 3583 1171 inquit,
3616 1114 3722 1153 non

2118 1202 2359 1267 dimittat
2405 1206 2705 1263 Ecclesium
2759 1206 2969 1275 absque
3017 1196 3318 1257 inevitabili
3369 1195 3723 1259 necessitate,

2120 1311 2216 1359 aut
2254 1301 2550 1373 apostolica
2593 1300 2679 1355 vel
2717 1297 2954 1369 regulari
2999 1296 3324 1361 mutatione,
3349 1298 3406 1344 et
3459 1287 3625 1343 alteri
3671 1302 3729 1342 se

2118 1395 2332 1468 jungat,
2387 1393 2627 1449 ambitus
2670 1407 2856 1447 causa.
2894 1406 2912 1441 ι
2949 1388 3016 1444 Et
3052 1388 3129 1455 hi,
3167 1388 3361 1456 utique
3411 1379 3727 1455 apostolici,

2124 1504 2249 1545 cum
2277 1486 2499 1542 Nicamo
2518 1484 2749 1541 concilio
2779 1483 2834 1538 in
2857 1481 3160 1537 mutatione
3190 1479 3584 1550 episcoporum
3611 1489 3729 1529 am-

2126 1581 2389 1637 bitionem
2419 1579 2854 1643 damnaverunt;
2882 1573 3264 1629 necessitatem
3287 1587 3423 1626 vero
3447 1576 3503 1625 et
3533 1568 3732 1623 utilita-

2128 1683 2237 1729 tem
2267 1671 2657 1728 admittendam
2689 1669 3011 1724 docuerunt.

2199 1763 2310 1820 Nec
2336 1762 2647 1818 mirandum
2681 1760 2829 1832 quod
2849 1758 3127 1815 Nicaaunm
3149 1755 3447 1812 concilium
3480 1769 3594 1809 non
3622 1763 3731 1807 tam

2128 1858 2410 1931 signanter
2456 1864 2517 1911 ut
2554 1854 2765 1926 antiqui
2786 1852 2977 1908 Patres
3001 1850 3384 1907 necessitatem
3419 1856 3477 1902 et
3519 1847 3731 1901 utilita»

2129 1959 2239 2006 tem
2284 1949 2579 2020 exceperit,
2612 1963 2738 2003 cum
2794 1944 3154 2001 mutationem
3202 1942 3598 2013 episcoporum
3625 1947 3733 1993 tam

2131 2035 2452 2113 simpliciter
2484 2039 2850 2112 prohibuerit.
2890 2035 3024 2092 Nam
3068 2044 3194 2092 ante
3225 2033 3512 2088 Nicaeuum
3545 2031 3734 2087 conci-

2132 2136 2266 2192 lium
2301 2134 2645 2191 crcberrimte
2681 2130 3090 2204 persecutiones
3124 2128 3417 2198 episcopos
3436 2125 3507 2181 de
3533 2125 3659 2179 loco
3680 2123 3732 2178 in

2130 2229 2312 2285 locum
2338 2227 2540 2282 mutari
2565 2225 2867 2296 saepissime
2888 2221 3291 2292 compulerunt.
3314 2216 3427 2273 Nec
3450 2217 3525 2271 ibi
3554 2217 3730 2271 locum

2132 2319 2359 2376 ambitio
2382 2317 2583 2373 habere
2616 2323 2852 2388 poterat,
2878 2314 2969 2369 ubi
2998 2312 3348 2384 potissimum
3374 2310 3466 2363 ille
3487 2310 3558 2364 ad
3586 2324 3726 2363 mar-

2133 2412 2334 2484 tyrium
2376 2409 2678 2466 ducebatur
2703 2407 2798 2480 qui
2849 2406 2972 2462 aliis
3013 2404 3369 2477 prmeminere
3422 2402 3731 2457 videbatur.

2135 2504 2249 2561 lloe
2279 2503 2467 2576 utique
2494 2501 2670 2559 sancti
2709 2499 2946 2556 Romani
2970 2496 3257 2570 pontiﬁces
3280 2511 3476 2550 verum
3508 2510 3631 2550 esse
3653 2504 3730 2549 te—

2134 2607 2372 2664 stantur,
2419 2596 2513 2668 qui
2550 2610 2687 2667 pene
2716 2608 2908 2649 omnes
2944 2599 3069 2646 ante
3115 2588 3402 2644 Nicmnum
3438 2587 3732 2642 concilium

2134 2689 2400 2761 martyrio
2434 2687 2679 2744 coronati
2704 2686 2976 2758 leguntur.
3006 2683 3051 2738 Α
3081 2691 3322 2753 tempore
3346 2691 3536 2735 autem
3560 2678 3727 2735 Nicae-

2135 2782 2192 2839 ni
2237 2781 2473 2849 concilii,
2512 2780 2701 2838 sedata
2743 2778 3121 2850 persecutione
3157 2775 3565 2846 aliquantulum
3601 2790 3733 2842 non,

2136 2884 2249 2932 tam
2300 2874 2614 2931 necessaria
2680 2873 2966 2928 videbatur
3021 2869 3257 2925 mutatio
3309 2868 3731 2939 episcoporum,

2137 2985 2262 3026 cum
2284 2969 2397 3039 jam
2430 2968 2662 3023 liberum
2689 2973 2837 3021 esset
2857 2963 3156 3035 quemlibet
3186 2961 3302 3017 suis
3329 2960 3531 3016 ovibus
3550 2960 3734 3031 praesi-

442 3054 579 3111 num
603 3056 923 3141 conc-ilium,
958 3058 1194 3129 quisque
1242 3058 1297 3113 in
1340 3073 1442 3112 suo
1489 3065 1750 3127 tempore,
1782 3056 2036 3113 omnibus
2064 3082 2106 3141 ρ
2138 3065 2287 3129 dere,
2320 3061 2425 3127 vel,
2463 3059 2557 3114 ubi
2607 3059 2842 3122 deesset,
2892 3056 3060 3111 alium
3108 3053 3414 3109 secundum
3467 3068 3733 3107 eanonem

443 3148 716 3220 episcopis
737 3150 1004 3218 scribens,
1032 3151 1389 3206 mutationem
1415 3150 1797 3221 episcoporum
1827 3149 2034 3205 licitam
2138 3156 2411 3212 ordinare.
2440 3151 2558 3207 Non
2580 3166 2712 3223 ergo
2736 3149 3046 3205 mirandum
3075 3147 3122 3203 si
3150 3145 3358 3201 Niczeni
3377 3144 3579 3201 Patres
3608 3161 3732 3212 non,

444 3239 567 3297 fore
582 3243 910 3299 docuerunt.
943 3243 1021 3298 Ex
1049 3245 1251 3315 quibus
1284 3245 1340 3298 S.
1375 3243 1652 3298 Antherus
1681 3244 1881 3299 nmltos
1911 3258 2040 3297 san-

445 3343 566 3390 ctos
632 3334 822 3392 Patres
874 3336 942 3391 de
1001 3337 1122 3392 loco
1171 3337 1225 3391 in
1264 3336 1445 3391 locum
1492 3336 1793 3391 trans‘atos
1844 3350 2039 3390 nume-

445 3428 618 3494 ravit,
654 3436 717 3483 ut
759 3428 980 3484 Petrum
1032 3429 1099 3485 de
1138 3428 1430 3485 Antiochia
1486 3428 1745 3495 Romam,
1783 3438 1837 3483 et
1871 3426 2043 3483 Euse-

448 3518 604 3574 bium
632 3520 701 3575 de
735 3520 971 3590 quadam
1002 3536 1169 3591 parva
1226 3521 1448 3575 civitate
1497 3520 1901 3575 Alexandriam.
1937 3518 2044 3575 Sed

451 3610 596 3665 hanc
625 3611 995 3667 diversitatem
1037 3613 1112 3667 ita
1146 3612 1466 3684 simpliciter
1509 3612 1805 3684 intelligere
1852 3627 2044 3683 posse-

454 3716 582 3757 mus
616 3712 678 3757 nt
705 3703 840 3758 illud
871 3704 1185 3760 necessitati
1225 3705 1646 3776 persecutionis,
1690 3705 1833 3761 istud
1862 3715 2045 3760 autem

451 3793 691 3850 libertati
730 3795 883 3866 pacis
913 3797 1300 3865 ascriberetur,
1340 3797 1389 3852 si
1426 3812 1701 3867 nusquam
1733 3806 1788 3852 et
1810 3797 1863 3851 in
1894 3796 2047 3868 pacis

452 3893 699 3957 tempore
749 3888 1064 3959 hujusmodi
1117 3890 1451 3960 permutatio
1500 3889 1643 3946 facta
1691 3890 2042 3960 reperiretur.

454 3977 614 4063 Quod
644 3980 772 4050 quia
819 3995 1062 4051 persaepe
1100 3988 1156 4035 et
1200 3982 1365 4037 modo
1408 3981 1549 4038 solet
1595 3981 1832 4048 evenire,
1883 3980 2047 4035 aliam

454 4071 818 4141 expositionis
863 4074 1283 4155 competentiam
1341 4074 1707 4145 inquiramus,
1776 4074 2049 4147 praecipue

453 4161 602 4215 illam
632 4177 742 4233 qua
774 4171 995 4219 sanctos
1043 4163 1234 4220 Patres
1258 4173 1313 4221 et
1351 4165 1405 4219 in
1436 4181 1569 4237 pace
1605 4174 1662 4221 et
1693 4158 1771 4221 in»
1794 4180 2051 4237 persecu-

454 4254 603 4310 tione
632 4255 702 4310 ad
730 4255 959 4311 invicem
989 4256 1355 4313 concordasse
1376 4266 1767 4314 monstremus.

527 4343 687 4400 Dicat
724 4362 856 4418 ergo
899 4355 1124 4404 sanctus
1173 4348 1451 4404 Antherus
1480 4348 1608 4419 quid
1648 4348 1717 4404 de
1747 4348 2049 4404 mutatione

2141 3257 2203 3303 ut
2230 3245 2590 3318 antiquiores,
2632 3243 2686 3297 in
2719 3256 2819 3298 sua
2850 3238 3221 3312 prohibitione
3268 3236 3479 3307 aliquid
3515 3252 3737 3305 excepe—

2140 3341 2274 3409 rint,
2307 3355 2430 3397 cum
2484 3338 2598 3409 jam
2647 3350 2760 3391 non
2809 3344 2923 3389 tam
2974 3330 3359 3388 rationabilem
3400 3329 3735 3400 exceptionis

2142 3450 2364 3491 causam
2406 3429 2727 3497 habuerint;
2763 3428 3063 3501 praesertim
3118 3443 3245 3493 cum
3292 3425 3613 3480 necessario
3627 3424 3734 3494 jam

2143 3527 2383 3583 ambitus
2422 3532 2745 3580 notarentur
2790 3522 3106 3594 quicunque
3124 3519 3238 3589 jam
3281 3535 3394 3573 non
3428 3516 3734 3573 necessario

2144 3620 2377 3676 alienam
2412 3616 2594 3672 sedem
2624 3616 2834 3672 ambire
2870 3614 3206 3669 viderentur.

2217 3711 2325 3768 Sed
2376 3710 2699 3766 Sardicense
2745 3707 3061 3772 concilium,
3085 3704 3173 3759 cui
3201 3701 3368 3759 Osius
3402 3701 3658 3775 Magnus,
3679 3707 3735 3756 ut

2146 3801 2368 3859 Nicteno
2420 3801 2674 3867 concilio,
2724 3798 3011 3870 praefuisse
3045 3796 3261 3869 legitur,
3312 3803 3369 3850 et
3412 3794 3732 3852 sententiam

2146 3897 2391 3967 ejusdem
2422 3893 2638 3950 concilii
2660 3892 2726 3948 de
2754 3891 3058 3946 mutatione
3077 3890 3465 3960 episcoporum
3492 3888 3567 3941 ita
3586 3902 3737 3957 expo-

2148 3990 2325 4047 suisse
2370 3986 2602 4043 videtur.
2652 3984 2917 4040 Prohibet
2956 3983 3123 4049 enim,
3169 3981 3349 4053 capite
3385 3980 3588 4051 primo,
3619 4000 3635 4030 ι
3674 3993 3737 4032 ne

2148 4081 2273 4153 quis
2297 4081 2670 4152 episcopatum
2708 4085 2881 4132 mutet
2913 4092 3010 4147 per
3045 4074 3337 4139 ambitum,
3360 4087 3603 4143 eumque
3649 4068 3737 4141 qui

2150 4173 2225 4228 ita
2273 4169 2563 4225 mutaverit
2621 4169 2787 4223 etiam
2841 4167 2979 4222 laica
3026 4163 3417 4221 communione
3484 4163 3678 4235 privat.
3715 4179 3733 4212 ι

2151 4263 2291 4319 Hine
2317 4262 2377 4318 ll.
2412 4261 2521 4317 Leo
2548 4275 2687 4332 papa
2715 4259 2757 4324 l,
2786 4257 3077 4314 Anastasio
3112 4254 3600 4311 Thcssaloniccnsi
3630 4252 3740 4323 epi-

2152 4370 2320 4427 scopo
2379 4354 2647 4421 sci-ibens,
2709 4353 2973 4407 deliberat
3020 4359 3086 4405 ut
3137 4368 3155 4400 ι
3213 4347 3503 4418 preprium
3538 4347 3740 4425 _locum

455 4437 838 4509 episcoporum
885 4440 989 4495 sibi
1031 4440 1278 4495 videatur
1313 4456 1328 4493 =
1363 4459 1382 4490 ο
1430 4438 1549 4495 Non
1583 4440 1787 4495 transit
1819 4436 1886 4495 de
1917 4439 2050 4494 εἰνὶ·
2080 4443 2126 4499 D
2152 4450 2342 4524 perdat
2366 4456 2420 4504 et
2449 4446 2685 4503 alienum
2716 4460 2826 4501 non
2863 4443 3101 4501 detineat
3125 4440 3465 4512 quicunque,
3495 4439 3745 4509 despecto

459 4537 571 4584 tate
611 4529 668 4583 in
702 4530 978 4586 civitatem
1012 4547 1125 4588 .nce
1152 4531 1478 4588 transfertur
1501 4533 1568 4588 de
1602 4533 1800 4588 minori
1838 4533 1905 4588 ad
1932 4548 2052 4587 ma-

462 4623 633 4691 jorem
669 4624 763 4693 qui
796 4625 901 4680 hoc
950 4640 1058 4680 non
1103 4625 1310 4680 ambitu
1347 4640 1450 4682 nec
1501 4626 1721 4697 propria
1768 4626 2050 4683 voluntate

460 4713 610 4781 facit,
635 4717 731 4771 sed
765 4726 861 4772 aut
891 4718 941 4772 vi
973 4733 1003 4773 a
1046 4720 1264 4790 propria
1311 4720 1447 4775 sede
1484 4721 1694 4790 pulsus,
1735 4730 1832 4777 aut
1860 4736 2051 4778 neces-

463 4807 623 4861 sitate
649 4818 874 4866 coactus
931 4819 1027 4864 aut
1064 4812 1297 4867 utilitate
1327 4812 1431 4867 loci
1473 4813 1558 4867 vel
1586 4814 1792 4884 populi,
1820 4831 1928 4869 non
1957 4831 2059 4870 su‘

462 4900 649 4970 perbe,
668 4902 774 4956 sed
812 4902 1090 4957 humiliter
1121 4903 1190 4959 ab
1215 4904 1337 4958 aliis
1374 4905 1671 4961 translatus
1697 4914 1752 4961 et
1780 4906 2054 4962 inthroni-

466 5001 624 5049 zatus
652 5002 756 5049 est.
780 4992 915 5049 Nam
946 4996 1089 5050 sicut
1115 4996 1354 5050 coisconi
1377 4997 1577 5050 habent
1602 5006 1925 5050 potestatem
1958 5012 2053 5050 or-

2152 4539 2397 4612 proprio,
2441 4538 2678 4594 alienum
2715 4552 2810 4607 per
2848 4534 3197 4589 ambitionem
3246 4530 3499 4586 obtinere
3538 4529 3747 4585 deside—

2152 4620 2257 4688 rat.
2298 4650 2317 4683 ι
2354 4628 2413 4685 Si
2437 4643 2569 4701 ergo
2599 4628 2672 4683 ita
2707 4627 3035 4683 sententiam
3070 4621 3280 4678 Nicmni
3322 4621 3547 4677 concilii
3589 4619 3745 4674 intel-

2151 4722 2469 4788 lexerimus,
2501 4735 2847 4790 nequaquam
2876 4718 2933 4773 in
2966 4719 3072 4773 hoc
3098 4714 3264 4771 alicui
3293 4713 3617 4770 rationabili
3639 4712 3748 4783 epi-

2154 4828 2446 4883 scoporum
2477 4810 2768 4866 mutationi
2813 4807 3273 4873 contradicemus,
3303 4805 3484 4860 sicubi
3510 4803 3745 4859 etiamin

2157 4914 2347 4962 nostro
2394 4913 2637 4973 tempore
2686 4900 3003 4973 hujusmodi
3057 4899 3365 4955 necessitas
3412 4897 3747 4969 exegerit,et

2161 4997 2460 5050 apostolica
2490 4996 2786 5050 auctoritas
2808 4994 2925 5050 ticri
2947 4991 3304 5050 consenserit.
