3986 5312
209 65 353 124 1213
377 108 382 113 ρ

1089 72 1379 135 APPEND.
1416 35 1506 135 ni.
1555 108 1614 121 -
1650 78 2593 148 uosuusuracnsconuua.

3344 92 3476 152 ἰιι

205 178 358 276 idem
567 182 902 276 apostolicus
930 183 1238 247 Dodaveue
1257 190 1498 250 civitatis
1532 194 1797 266 episcopi,
1827 199 1873 258 Δ
1899 198 2030 257 Item
2057 201 2204 261 Felix
2234 218 2374 276 papa
2410 204 2670 261 omnibus
2694 202 2971 276 episcopis
2995 205 3282 263 scribens:
3313 225 3333 261 σ
3366 209 3479 267 Ab-

202 288 240 328 s
268 273 489 331 clericis
528 275 647 332 suis
673 291 773 347 pro
796 279 1067 349 corporali
1096 281 1329 339 crimine
1370 288 1615 343 accusati
1635 297 1799 359 atque

203 367 880 439 convicti,depositionem
902 372 956 427 in
972 362 1182 430 tantum
1204 376 1571 447 conﬁrmavit,
1593 389 1653 435 ut
1671 396 1798 436 eum

202 459 378 515 etiam
420 461 806 519 communione
838 465 1162 535 privandum
1204 468 1501 539 judicaret,
1551 472 1598 528 si
1645 473 1800 530 dein-

201 563 339 621 ceps
365 550 569 623 aliquid
596 553 664 609 de
691 554 1008 627 episcopatu
1033 557 1115 614 vel
1146 558 1293 631 loqui
1319 571 1689 633 praesumeret.

283 637 393 696 Sed
414 641 531 698 haec
560 658 906 715 nequaquam
927 646 995 702 ad
1021 647 1251 704 invicem
1287 652 1562 706 contraria
1584 651 1799 722 judica-

204 731 417 801 bimus,
441 733 489 790 si
520 736 861 806 superiorem
891 740 1219 797 sententiam
1239 753 1610 816 competenter
1643 744 1802 802 intel-

206 824 383 898 ligere
412 826 753 897 curabimus,
800 831 1051 890 videlicet
1077 848 1146 889 ne
1176 848 1307 890 oves
1335 851 1497 891 suum
1525 846 1800 908 pastorem

206 930 279 971 ex
326 919 546 990 propria
598 922 906 980 temeritate
952 924 1225 984 ullatenus
1282 942 1544 985 accusare
1592 943 1802 1001 praesu-

208 1016 391 1074 mant,
426 1024 527 1065 nec
570 1016 752 1068 tamen
793 1014 1063 1085 superiori
1092 1016 1348 1087 potestati
1380 1017 1486 1074 hcc
1509 1018 1591 1075 eis
1640 1033 1799 1075 cano-

207 1097 339 1154 nice
378 1102 714 1174 praecipienti
742 1106 977 1176 superbe
1006 1108 1288 1176 resistant,
1315 1109 1543 1166 minime
1580 1110 1800 1181 quidem

209 1187 291 1245 illi
321 1195 580 1262 potestati
609 1211 730 1267 qua:
757 1197 906 1268 ipsos
930 1197 1192 1256 damnare
1213 1201 1430 1272 poterit,
1455 1201 1504 1259 si
1529 1202 1581 1258 ei
1609 1208 1801 1259 contra

208 1284 501 1355 proprium
548 1288 868 1362 episcopum
913 1292 1138 1350 obedire
1179 1294 1473 1350 noluerint.
1509 1293 1602 1351 Sic
1638 1296 1803 1367 igitur

208 1373 582 1450 intelligitur:
617 1399 636 1433 ι
670 1378 783 1438 Nec
803 1384 1006 1440 subditi
1042 1385 1298 1455 praelatos
1333 1394 1533 1443 temere
1582 1404 1806 1445 accusa-

210 1466 377 1536 bunt,
408 1486 510 1527 nec
542 1473 810 1543 superiori
859 1477 1115 1547 potestati
1150 1480 1548 1541 contumaciter
1570 1482 1805 1538 resulta-

208 1558 375 1615 bunt.
418 1580 439 1613 ι
466 1560 790 1639 Hujusmodi
834 1568 1245 1639 adapertionem
1296 1570 1603 1628 intellectus
1643 1583 1698 1630 et
1747 1573 1804 1629 in
1836 1547 1880 1603 Β

208 1650 334 1721 ipsa
370 1668 527 1710 sacra
553 1653 833 1727 Scriptura
853 1674 1251 1730 nonnunquam
1280 1662 1593 1719 necessario
1617 1663 1805 1735 requi-

208 1743 415 1813 rimus,
452 1746 533 1802 uti
572 1748 629 1803 in
666 1750 799 1806 illo:
839 1768 859 1803 σ
896 1749 1016 1807 Non
1058 1752 1496 1824 occidcs(Exod.
1537 1755 1654 1826 xx).
1695 1774 1714 1808 ι
1748 1754 1807 1811 Si

208 1835 365 1892 enim
389 1836 517 1894 illud
540 1839 704 1898 nimis
724 1841 1047 1914 simpliciter
1073 1843 1427 1911 intellexeris,
1454 1845 1572 1917 ipsa
1593 1846 1681 1903 lex
1702 1847 1807 1903 sibi

209 1931 564 2003 repugnabit,
591 1950 717 2005 quae
742 1937 1044 2008 sepissime
1068 1940 1198 1996 alibi
1228 1956 1355 1999 reos
1385 1950 1562 1998 morte
1588 1941 1809 1998 multari

207 2021 478 2080 decrevit.
502 2023 622 2097 ipse
645 2043 864 2100 quoque
888 2028 1054 2098 Deus,
1077 2031 1173 2103 qui
1199 2031 1372 2109 legem
1404 2033 1658 2101 instituit,
1685 2049 1812 2105 per-

211 2130 363 2187 saepe
384 2118 587 2176 multos
616 2120 791 2177 occidi
828 2125 1106 2195 praecepit.
1137 2122 1216 2181 Ne
1231 2139 1362 2197 ergo
1390 2123 1562 2182 Deum
1592 2126 1809 2198 uspiam

211 2210 498 2267 contraria
542 2213 868 2285 praecepisse
923 2215 1290 2288 blasphemes,
1341 2218 1656 2289 praedictam
1691 2234 1813 2275 sen-

212 2302 447 2358 tentiam
482 2305 885 2369 consideratius
940 2305 1255 2367 necessario
1301 2311 1601 2385 intelligere
1648 2314 1814 2370 debe-

214 2409 365 2462 mus,
389 2396 599 2454 scilicet
627 2413 692 2455 ea
718 2400 1155 2460 consideratione
1189 2418 1259 2460 ne
1278 2404 1476 2476 aliquis
1497 2421 1564 2461 ex
1592 2407 1813 2479 propria

214 2490 651 2561 praesumptione
699 2493 941 2562 occidat;
990 2493 1104 2553 Deo
1143 2505 1349 2563 autem,
1380 2497 1428 2553 si
1478 2499 1583 2555 hoc
1611 2514 1709 2570 per
1729 2515 1809 2568 se,

213 2579 336 2637 sive
360 2596 459 2651 per
480 2582 651 2654 legem
677 2582 774 2640 Dei
810 2588 1149 2660 praeceperit,
1191 2588 1413 2647 obedire
1448 2606 1558 2647 non
1595 2601 1809 2650 renuat.

214 2671 296 2729 Ita
346 2690 495 2730 enim
522 2675 583 2731 Β.
609 2676 955 2751 Augustinus
982 2682 1039 2738 in
1062 2683 1155 2739 lib.
1184 2700 1200 2739 ι
1223 2683 1297 2740 De
1318 2685 1467 2741 civit.
1499 2684 1616 2753 Dei,
1640 2702 1813 2759 expo-

215 2769 323 2835 nit,
358 2769 518 2840 juxta
552 2787 716 2843 quem
762 2789 872 2830 non
918 2774 1035 2848 ipse
1080 2777 1281 2833 occidit
1318 2777 1573 2849 quisquis
1603 2779 1659 2834 in
1708 2780 1815 2837 hoc

1899 304 2074 363 seute,
2128 296 2325 367 inquit,
2361 296 2699 363 adversario,
2728 311 2839 352 non
2880 297 3136 354 audiatur
3162 305 3477 363 accusator,

1899 403 2001 443 nec
2027 389 2292 444 sententia
2326 390 2549 445 absente
2601 389 2707 444 alia
2736 396 2890 459 parte
2918 404 2948 444 a
2985 388 3170 459 judice
3216 390 3363 445 dicta
3392 391 3480 445 ul-

1899 479 2007 533 lam
2028 480 2296 535 obtinebit
2322 480 2655 535 ﬁrmitatem.
2688 498 2705 531 ι
2754 479 2883 535 Item
2934 491 3161 536 sanctus
3188 479 3481 535 Cornelius

1898 582 2037 641 papa
2070 589 2084 625 :
2118 589 2135 622 ι
2170 567 2387 637 Omnia,
2441 570 2639 642 inquit,
2658 586 2789 641 qure
2834 570 3100 626 adversus
3133 570 3389 626 absentes
3422 571 3481 625 in

1899 662 2050 717 omni
2071 663 2290 735 negotio
2327 673 2421 718 aut
2446 663 2567 719 loco
2587 672 2846 734 aguntur,
2879 662 3216 733 judicantur,
3251 663 3482 719 omnino

1898 756 2330 822 evacuabuntur,
2354 754 2613 826 quoniam
2647 755 2925 811 absentem
2950 754 3137 811 nullus
3158 753 3359 809 addicit
3381 768 3484 809 nec

1900 846 2009 901 ulla
2041 846 2129 901 lex
2171 847 2416 903 damnat.
2464 866 2483 898 ι
2516 846 2773 902 Zosimns
2792 856 2976 902 autem
3005 861 3165 917 papa,
3196 845 3254 900 in
3290 845 3487 901 ordino

1899 937 2085 1005 XLIII,
2105 954 2232 994 cum
2257 954 2435 993 ccxvu
2454 938 2730 1009 episcopis
2750 937 2993 995 Africani
3023 937 3264 1005 concilii,
3289 951 3485 1008 quem-

1900 1032 2033 1088 libet
2051 1040 2427 1089 accusatorem
2453 1032 2568 1087 sive
2589 1043 2932 1099 accusatum,
2980 1032 3143 1087 etiam
3178 1031 3482 1095 absentem,

1901 1123 2290 1182 communione
2330 1122 2582 1194 privavit,
2631 1124 2948 1194 quicunque
2990 1131 3116 1193 post
3161 1120 3484 1177 canonicam

1900 1217 2243 1273 vocationem
2306 1216 2493 1273 venire
2532 1215 2973 1286 contempsisset.
3009 1214 3141 1269 Item
3170 1209 3486 1269 Bonifacius

1903 1324 2063 1380 papa,
2092 1323 2386 1365 successor
2418 1308 2560 1379 ejus,
2593 1308 2661 1363 de
2701 1308 3102 1364 contumaciter
3122 1307 3349 1362 absente
3388 1305 3487 1360 de-

1902 1400 2073 1459 crevit
2102 1415 2170 1456 ne
2197 1400 2513 1456 dilationem
2573 1399 2857 1456 sententia:
2889 1399 2957 1455 de
3010 1397 3263 1455 absentia
3297 1396 3486 1453 lucra-

1903 1501 2078 1548 retur.
2136 1491 2339 1548 Beatus
2382 1507 2603 1563 quoque
2642 1491 2942 1563 Gregorius
2994 1490 3291 1546 Maximum
3348 1503 3492 1560 pra:-

1906 1592 2242 1654 sumptorcm
2269 1583 2650 1641 Salonitanum
2673 1599 2782 1638 non
2824 1583 3003 1639 solum
3029 1598 3130 1654 pro
3165 1581 3329 1637 illatis
3374 1579 3489 1636 cri-

1906 1677 2168 1745 minibus,
2199 1677 2294 1732 sed
2328 1676 2496 1732 etiam
2525 1691 2626 1747 pro
2656 1676 2901 1732 absentia
2938 1674 3309 1731 damnandum
3334 1668 3488 1743 judi-

1907 1770 2070 1838 Cavit,
2115 1785 2184 1827 eo
2228 1770 2378 1841 quod
2423 1769 2689 1826 canonice
2718 1777 2945 1826 vocatus
2982 1768 3170 1824 venire
3193 1763 3488 1823 distulerit.

1907 1861 2041 1919 item
2090 1860 2414 1918 Theodorus
2463 1876 2627 1933 papa,
2652 1860 2824 1917 Paulo
2879 1858 3496 1930 ConStantinopolitano

1907 1952 2178 2019 scribens,
2200 1951 2460 2024 prmpit
2502 1960 2567 2007 ut
2612 1951 2884 2025 Pyrrhum
2933 1951 3181 2023 ejusdem
3211 1948 3493 2021 quondam

1908 2045 2055 2102 sedis
2097 2044 2417 2116 episcopum
2453 2044 2737 2101 absentem
2788 2046 3078 2101 damnaret
3113 2062 3127 2100 :
3160 2064 3180 2097 ι
3209 2043 3371 2111 Quia,
3407 2041 3497 2097 in-

1908 2136 2048 2209 quit,
2070 2138 2361 2208 przesentia
2382 2136 2503 2208 ejus
2529 2137 2838 2193 necessaria
2866 2146 3095 2203 nonest,
3119 2137 3280 2207 cujus
3306 2149 3498 2190 exces-

1910 2245 2007 2286 sus
2035 2244 2276 2300 prasscns
2299 2238 2405 2285 est.
2448 2248 2469 2281 ι
2508 2227 2643 2284 item
2694 2228 2844 2284 Felix
2868 2245 3007 2300 papa
3035 2228 3299 2284 Acacium
3344 2225 3496 2281 Con-

1911 2323 2458 2394 stantinopolitanum
2507 2322 2790 2379 absentem
2843 2322 3143 2389 damnavit,
3176 2321 3338 2393 cujus
3370 2334 3500 2375 seu-

1912 2416 2138 2471 tentiam
2173 2415 2368 2472 beatus
2404 2414 2678 2478 Gelasius.
2721 2430 3014 2472 successor
3033 2415 3174 2486 ejus,
3203 2412 3500 2485 irrcfraga-

1911 2506 2008 2563 bili
2049 2505 2445 2576 approbatione
2479 2506 2802 2562 canonicam
2824 2506 3165 2562 monstravit.
3198 2504 3309 2561 Nec
3337 2504 3507 2575 plane

1912 2598 2274 2656 dubitaverim
2290 2598 2424 2668 quin
2446 2599 2629 2669 plures
2654 2599 3007 2655 inveniantur
3026 2600 3121 2671 qui
3144 2599 3220 2655 ita
3243 2599 3501 2655 absentes

1913 2688 2240 2745 sententiam
2271 2689 2641 2746 damnationis
2680 2692 3015 2762 exceperint,
3039 2707 3205 2762 quam
3238 2689 3333 2763 qui
3360 2705 3502 2762 pra:-

1915 2791 2098 2840 sentes
2141 2782 2467 2840 canonicam
2513 2782 2977 2839 examinationem
3008 2793 3062 2840 et
3086 2783 3497 2841 damnationem

216 2862 571 2920 ministeriun
620 2865 835 2936 jubenti
861 2867 1067 2924 obedit.
1106 2867 1201 2925 Sic
1232 2885 1393 2942 ergo,
1415 2879 1471 2926 et
1497 2872 1551 2926 in
1586 2887 1814 2928 accusa-
1841 2893 1884 2952 ο
1914 2876 2367 2947 exspectaverint.
2414 2873 2623 2931 Harum
2646 2885 2855 2931 autem
2887 2876 3284 2932 sententiarum
3315 2876 3500 2931 diver-

218 2952 395 3019 tioue,
456 2955 800 3012 subditorum
852 2973 964 3013 non
998 2958 1385 3029 obedientiam,
1423 2962 1517 3018 sed
1542 2978 1811 3034 pmsum-
1913 2970 2131 3027 sitatem
2178 2968 2340 3026 facile
2389 2969 2871 3038 concordabimus,
2921 2970 2970 3026 si
3003 2969 3341 3041 superiorem
3373 2983 3499 3024 sem

218 3048 468 3118 ptionem
491 3052 852 3124 proscriptum
881 3065 1252 3127 competenter
1276 3058 1648 3130 intelligimus.
1670 3059 1814 3116 Mui-

220 3140 296 3196 tis
321 3156 454 3197 sane
481 3141 868 3202 ecclesiasticis
902 3148 1334 3205 correctionibus
1367 3149 1422 3204 in
1460 3152 1816 3208 concessione

221 3231 543 3302 hujusmodi
570 3237 936 3296 accusationis
964 3249 1311 3311 prospectum
1341 3256 1451 3296 non
1476 3241 1814 3300 dubitamus.

218 3322 363 3379 Nam
414 3326 623 3396 praelati
672 3331 984 3386 necessario
1024 3340 1079 3388 et
1124 3333 1230 3389 sibi
1267 3341 1325 3389 et
1378 3333 1613 3392 subditis
1664 3342 1818 3391 tanto

220 3416 405 3489 magis
435 3418 798 3489 prospiciunt,
826 3430 1033 3493 quanto
1081 3424 1256 3497 magis
1288 3440 1349 3483 se
1375 3434 1431 3481 ct
1462 3440 1559 3495 per
1592 3440 1819 3482 accusas

226 3510 435 3565 tionem
462 3512 807 3571 subditorum
856 3517 1076 3588 percelli
1117 3534 1280 3590 posse
1308 3534 1422 3576 non
1467 3518 1817 3577 dubitabunt.

223 3601 340 3659 Nec
364 3620 561 3675 parum
593 3608 979 3666 ecclesiasticae
1029 3610 1331 3682 disciplinae
1369 3612 1745 3685 derogaretur,
1773 3611 1822 3669 si

224 3713 508 3768 nusquam
540 3697 857 3770 hujusmodi
905 3702 1185 3759 accusatio
1227 3703 1638 3760 concederetur.
1682 3702 1822 3760 Nam

224 3787 395 3860 pauci
439 3789 647 3860 praelati
700 3791 846 3849 illius
893 3792 1249 3865 perfectionis
1298 3794 1697 3865 invenirentur,
1727 3794 1824 3867 qui

224 3891 344 3934 non
377 3885 533 3934 tanto
562 3880 738 3951 magis
770 3889 824 3936 et
849 3897 907 3938 se
942 3890 998 3938 et
1032 3883 1280 3940 subditos
1302 3884 1358 3939 in
1400 3884 1691 3955 disciplina
1723 3900 1823 3941 118-,

226 3969 518 4041 gligerent,
542 3981 749 4043 quanto
794 3973 969 4047 magis
990 3990 1050 4031 se
1082 3990 1179 4046 per
1201 3976 1605 4033 accusa'ionem
1633 3992 1826 4035 eorum

228 4064 301 4119 ad
326 4063 551 4135 aliquod
567 4064 838 4135 judicium
861 4069 1193 4126 coercendos
1215 4070 1587 4141 desperarent.
1612 4069 1827 4128 Subditi

226 4163 419 4210 tamen
471 4172 819 4230 nequaquam
869 4160 975 4217 hoc
1002 4161 1212 4233 absque
1257 4162 1484 4233 majoris
1541 4162 1827 4233 potestatis

1914 3060 2141 3125 tentiam
2167 3060 2241 3117 de
2277 3061 2504 3117 absente
2530 3077 2640 3117 non
2668 3061 2966 3132 judicando
3009 3062 3077 3118 ad
3112 3062 3265 3117 illum
3289 3061 3502 3117 solum-

1916 3150 2081 3207 modo
2117 3148 2443 3219 referamus,
2473 3150 2634 3222 cujus
2677 3166 2845 3207 causa
2869 3151 3048 3208 adhuc
3084 3151 3391 3207 ventilanda
3420 3150 3506 3204 vi-
3602 3210 3605 3213 _

1913 3243 2094 3311 detur,
2142 3242 2239 3314 qui
2287 3243 2471 3299 locum
2521 3243 2890 3315 respondendi
2946 3243 3127 3314 potius
3172 3257 3285 3297 non
3314 3239 3509 3296 habuit

1915 3353 2083 3410 quam
2124 3336 2390 3393 canonice
2436 3335 2680 3393 oblatum
2723 3335 3061 3392 refutaverit.
3091 3332 3227 3389 Nam
3256 3333 3306 3389 si
3335 3347 3509 3389 cano—

1917 3428 2041 3486 nice
2065 3436 2299 3486 vocatus
2341 3428 2534 3485 venire
2572 3428 3013 3499 contempsisset,
3051 3442 3155 3482 nec
3188 3433 3373 3480 tamen
3407 3439 3506 3480 ca-

1918 3521 2175 3579 nonicam
2211 3521 2627 3593 excusationem
2675 3520 3057 3591 praetenderet,
3093 3526 3207 3574 tam
3239 3518 3385 3589 apud
3414 3532 3511 3573 an-

1921 3615 2103 3685 tiquos
2125 3628 2291 3684 quam
2318 3612 2463 3683 apud
2495 3613 2789 3668 modernos
2822 3612 2988 3677 etiam
3020 3611 3221 3667 absens
3243 3606 3513 3665 canonice
3612 3644 3620 3651 -

1920 3703 2174 3779 damnari
2227 3712 2415 3774 posset
2477 3703 2533 3758 Si
2561 3718 2696 3775 ergo
2738 3703 2817 3758 ita
2864 3702 3191 3773 exponimus
3217 3708 3513 3768 utramque

1921 3795 2251 3855 sententiam
2291 3796 2360 3851 de
2414 3795 2662 3861 absente,
2701 3794 3085 3851 rationabilem
3120 3807 3244 3848 esse
3299 3787 3512 3845 videbi-

1922 3906 2048 3947 mus
2076 3895 2219 3945 utet
2257 3889 2458 3945 absens
2503 3887 2783 3959 judicetur
2830 3887 2925 3958 qui
2965 3884 3289 3942 canonicam
3344 3895 3513 3936 voca-

1925 3983 2131 4040 tionem
2166 3980 2283 4038 sive
2312 3980 2741 4037 admonitionem
2769 3977 3192 4048 comtempsisse
3214 3973 3507 4045 detegitur,

1924 4083 1981 4132 et
2012 4074 2215 4131 absens
2272 4087 2385 4131 neu
2431 4071 2710 4143 judieetur
2735 4071 2806 4126 de
2843 4069 3003 4141 cujus
3029 4063 3509 4124 contumaciaad-

1926 4165 2037 4222 huc
2062 4164 2362 4223 dubitatur.

228 4246 563 4306 auctoritate
590 4260 946 4322 praesumant,
980 4269 1049 4310 ne
1076 4254 1297 4327 dignam
1318 4271 1433 4312 suae
1452 4256 1821 4319 damnationis
1851 4264 1898 4321 ι)
1995 4256 2087 4314 Sic
2119 4271 2251 4330 ergo
2283 4264 2339 4312 et
2373 4254 2428 4310 in
2460 4253 2584 4310 aliis
2613 4267 2888 4310 canonum
2916 4249 3323 4308 diversitatibus
3351 4261 3510 4303 com-

226 4341 563 4398 scntentiam
583 4342 738 4416 juxta
752 4352 950 4402 statuta
964 4356 1279 4403 sanctorum
1296 4346 1518 4404 Patrum
1526 4348 1818 4420 excipiant.

306 4433 606 4491 Sciendum
662 4444 864 4508 autem;
890 4440 1037 4510 quod
1064 4440 1268 4497 subditi
1295 4454 1396 4512 pro
1432 4441 1652 4513 propria
1681 4440 1822 4513 inju-

228 4529 315 4586 ria
346 4538 405 4586 et
449 4530 646 4588 haeresi
690 4533 973 4604 praelatum
1009 4550 1173 4591 suum
1198 4550 1462 4592 accusare
1495 4535 1822 4608 nonprohi—

229 4622 456 4689 bentur,
501 4621 662 4694 juxta
710 4623 844 4680 illud
898 4623 1212 4699 Symmachi
1236 4642 1390 4698 papae
1420 4626 1489 4682 ad
1515 4626 1820 4685 Caesarium

228 4716 601 4786 episcopum:
632 4734 651 4769 ι
705 4712 867 4784 Oves,
897 4718 1093 4791 inquit,
1139 4735 1299 4776 suum
1349 4727 1624 4792 pastorem
1648 4734 1817 4776 accu-

229 4823 356 4863 sare
376 4822 488 4862 non
514 4815 769 4878 possunt,
817 4810 923 4867 nisi
951 4826 1051 4883 pro
1074 4811 1266 4868 haresi
1299 4820 1396 4869 aut
1426 4812 1645 4883 propria
1673 4810 1822 4884 inju-

229 4900 337 4957 ria.
380 4918 400 4951 ι
439 4898 579 4956 iiiuc
603 4899 849 4959 Africani
878 4920 1140 4971 canones,
1163 4904 1460 4976 apostolica
1487 4905 1820 4964 auctoritate

229 4991 569 5065 promulgati
601 5000 656 5048 et
681 4993 1011 5067 conﬁrmati,
1038 4998 1368 5055 enumeratis
1394 4995 1659 5052 omnibus
1697 4999 1823 5068 qui-

230 5085 338 5142 bus
394 5083 693 5141 accusandi
732 5083 941 5146 licentia
995 5088 1309 5157 denegatur,
1339 5084 1529 5146 statim
1564 5086 1817 5147 subinfe-

231 5185 364 5251 runt
393 5195 407 5231 :
443 5193 463 5227 ι
496 5174 589 5232 His
620 5184 803 5230 tamen
848 5181 1106 5236 omnibus
1133 5177 1187 5232 in
1220 5177 1462 5254 propriis
1505 5179 1695 5237 causis
1727 5197 1827 5241 ac-

230 5265 467 5312 cusandi
496 5266 712 5312 licentia
752 5281 857 5312 nnn
893 5271 1205 5312 dnnmnlnr-
1246 5286 1265 5312 ι

1921 4358 2193 4422 petentem
2226 4363 2449 4406 sensum
2489 4345 3086 4417 inquirere‘debemus,
3122 4357 3191 4397 ne
3232 4340 3374 4396 forte
3406 4339 3514 4394 hu-

1914 4441 2158 4515 jusmodi
2212 4442 2449 4507 diversa,
2503 4453 2900 4509 nonnunquam
2953 4434 3113 4508 quasi
3154 4430 3515 4506 repugnantia

1918 4543 2125 4591 temere
2153 4547 2506 4607 respuamus,
2534 4546 2660 4602 qua:
2685 4540 2870 4587 tamen
2900 4545 2968 4584 ex
2997 4528 3297 4598 apostolica
3327 4529 3518 4579 aucto-

1918 4626 2080 4684 ritate
2110 4627 2450 4700 promulgata
2496 4623 2612 4679 sive
2647 4622 2973 4681 conﬁrmata
3000 4634 3113 4676 non
3174 4621 3518 4693 ignoramus.

1919 4716 2020 4786 ita,
2049 4718 2301 4794 inquam,
2331 4713 2668 4787 intelligendi
2699 4711 3115 4784 congruentiam
3139 4712 3402 4781 indagare
3426 4718 3529 4759 eo—

1920 4826 2140 4885 nemur,
2168 4828 2241 4870 ne
2274 4805 2589 4882 huiusmodi
2618 4814 2827 4864 statuta
2869 4804 3084 4875 uspiam
3113 4806 3228 4863 sibi
3256 4795 3534 4858 contraria

1917 4908 2364 4980 interpretemur.
2419 4898 2555 4954 Nam
2601 4896 2712 4968 ipsi
2754 4904 2945 4957 sancto
2994 4894 3232 4966 Spiritui
3282 4901 3540 4958 magnam

1920 4996 2190 5068 injuriam
2216 4999 2456 5070 irregare
2487 4989 2761 5061 videmur,
2793 4990 2841 5048 si
2871 4989 2960 5045 illa
2989 5004 3116 5058 qua:
3148 4992 3271 5065 ipse
3288 4997 3390 5057 per
3413 4994 3549 5033 san»;

1920 5099 2034 5148 ctos
2096 5099 2285 5155 Patres
2328 5082 2635 5147 instituisse
2685 5084 2905 5157 legitur,
2953 5081 3116 5153 quasi
3169 5070 3454 5141 contraria
3494 5076 3553 5124 et

1928 5182 2047 5249 ideo
2093 5178 2493 5249 contemnenda
2531 5172 2884 5249 interpretari
2922 5188 3034 5229 non
3068 5183 3361 5233 veremur.
3399 5249 3412 5263 .
3489 5248 3524 5263 Α

1995 5273 2090 5312 Νι.
2102 5302 2139 5312 -.
2172 5277 2344 5312 “tum
2379 5278 2556 5312 mutam
2579 5269 2934 5312 exppntinnes
2962 5266 3369 5312 canoninm‘nm
3399 5256 3560 5305 Ῐῐιεῑίσ
