3986 5312
495 139 638 198 HIS

1476 138 1568 194 an
1603 136 1838 195 orsus
1879 138 1936 193 δ.
1973 135 2304 195 αωςςοιιιι
2340 98 2787 198 annunerans.

3645 143 3780 198 ms

490 253 676 312 hbeat.
714 251 852 312 Nam
869 254 1122 326 quzelibet
1143 254 1322 324 capita
1365 253 1523 318 locis,
1565 253 1682 308 suis
1714 252 2081 320 considerata,
2112 255 2158 312 A
2185 267 2310 306 cum
2347 251 2758 310 Narbonensem
2783 216 3100 326 episcopum
3131 255 3362 312 ﬁdeliter
3393 266 3485 312 est
3503 258 3738 313 tenenda
3760 276 3779 312 :

489 361 890 418 nonnunquam
925 349 1058 402 satis
1080 355 1263 416 aperte
1288 347 1581 417 patebunt;
1608 361 1752 416 quae,
1779 362 1874 416 per
1905 361 1965 401 se
1995 345 2082 399 in-

491 447 696 507 specta,
721 448 815 496 aut
835 439 924 494 vix
955 448 1050 494 aut
1075 439 1226 494 nullo
1257 437 1417 494 modo
1451 448 1822 508 competenter
1856 436 2085 508 intelligi

490 539 804 598 potuerunt.
851 529 968 600 ipsa
999 530 1146 585 enim
1187 530 1600 587 circumstantia
1633 530 1883 586 lectionis
1915 531 2086 586 multa

491 623 652 678 nobis
684 623 1034 692 prescribere
1066 625 1224 690 solet,
1261 641 1388 696 quae
1421 641 1589 680 unum
1619 625 1893 694 singulare
1921 633 2086 696 caput

490 728 598 768 non
625 715 804 780 habet,
833 715 954 772 sine
981 717 1182 787 quibus
1213 726 1397 774 tamen
1427 717 1656 788 pleniter
1703 717 1931 790 intelligi
1972 733 2084 774 non

489 807 650 862 valet.
695 806 801 863 Sed
830 796 1172 866 diversorum
1198 819 1530 866 statutorum
1565 810 1632 865 ad
1659 809 1892 866 invicem
1919 802 2087 867 colla-

489 899 567 956 tio
587 901 820 955 multum
864 916 966 957 nos
999 903 1237 973 adjuvat,
1269 903 1396 974 quia
1421 919 1590 959 unum
1623 919 1764 975 saepe
1797 903 1944 960 aliud
1967 905 2085 960 clu-

487 991 651 1046 cidat.
691 991 1070 1050 Consideratio
1087 1011 1305 1068 quoque
1329 1005 1656 1066 temporum,
1690 997 1935 1052 locorum
1971 997 2086 1055 sive

487 1098 843 1152 personarum
863 1128 877 1152 ,
909 1103 1051 1158 saepe
1080 1088 1238 1144 nobis
1271 1098 1668 1160 competentcm
1702 1089 2086 1149 subministrat

489 1173 856 1245 intellectum;
897 1189 958 1236 ut
985 1181 1150 1238 etiam
1181 1181 1471 1238 diversitas
1517 1191 1844 1238 statutorum
1876 1199 2086 1255 nequa-

486 1283 654 1336 quam
688 1270 923 1328 absurda
951 1273 1040 1328 vel
1067 1275 1340 1330 contraria
1377 1275 1643 1343 videatur,
1679 1291 1803 1331 cum
1861 1277 2086 1333 diversi-

489 1362 588 1416 tati
609 1366 1198 1434 temporum,locorum
1225 1367 1338 1423 sive
1361 1383 1720 1438 personarum
1741 1369 2085 1440 apertissime

487 1454 780 1512 distributa
801 1458 1124 1528 reperiatur.
1163 1457 1279 1514 Hoc
1301 1459 1488 1531 utique
1512 1461 1700 1517 lectori
1730 1463 1962 1518 multum
1995 1463 2082 1518 in-

487 1547 798 1620 telligentia:
855 1551 1240 1622 suppeditabit,
1280 1553 1328 1608 si
1377 1553 1692 1624 hujusmodi
1752 1564 2082 1611 statutorum

2193 364 2210 398 ι
2243 343 2416 411 Sicut,
2439 346 2635 416 inquit,
2659 348 2908 417 quietiam
2936 357 3068 403 sunt
3087 365 3212 419 qua:
3239 349 3388 404 nulla
3411 350 3630 404 ratione
3652 366 3782 406 con-

2187 439 2310 493 velli
2358 449 2607 508 possunt,
2643 439 2717 494 ita
2754 421 3016 496 nonnulla
3053 451 3183 496 sunt
3217 457 3341 512 qua:
3373 451 3471 497 aut
3511 457 3615 512 pro
3650 459 3782 498 con-

2185 531 2514 588 sideratione
2539 541 2784 599 aetatum,
2808 543 2903 588 aut
2921 549 3022 604 pro
3047 535 3372 590 necessitate
3405 550 3598 588 remm
3627 551 3784 604 opor-

2184 633 2295 679 tcat
2321 625 2644 693 temperari;
2680 623 2772 680 illa
2797 640 3016 695 semper
3034 625 3345 682 cmuditione
3373 636 3598 680 servata
3619 636 3702 692 ut,
3727 627 3784 683 in

2185 715 2274 772 his
2302 731 2426 786 quae
2457 717 2539 770 vel
2569 716 2736 784 dubia
2763 716 2969 773 fuerint
2991 719 3075 772 vel
3097 718 3354 786 obscura,
3381 719 3432 773 id
3465 721 3786 776 noverimus

2183 809 2524 879 sequendum
2559 811 2706 880 quod
2743 825 2844 866 nec
2881 812 3165 880 prmccptis
3187 810 3536 883 liv-angelicis
3569 821 3788 868 contra.

2183 899 2357 966 rium,
2405 915 2508 956 nec
2551 901 2788 957 decretis
2833 912 3146 958 sanctorum
3189 903 3418 960 Patrum
3474 905 3788 960 inveniatur

2185 993 2495 1048 adversum.
2527 1012 2546 1045 ι

2255 1082 2408 1140 lianc
2433 1095 2619 1142 autem
2648 1084 2960 1144 facultatem
2991 1089 3476 1160 temperandorum
3507 1089 3632 1145 sive
3663 1105 3785 1144 mu-

2182 1175 2474 1231 tandarum
2522 1192 2799 1234 canonum
2851 1177 3100 1236 Ronmno
3137 1181 3384 1251 pontiﬁci
3429 1180 3785 1251 potissimum

2183 1267 2431 1339 adjaccre
2451 1283 2561 1324 non
2587 1269 2926 1339 dubitamus,
2949 1281 3010 1328 ut
3035 1274 3210 1329 sancti
3232 1273 3424 1328 Patres
3450 1273 3783 1328 docuerunt.

2183 1357 2318 1415 Nam
2349 1360 2542 1418 beatus
2567 1362 2818 1420 Gclasius
2844 1373 2900 1420 et
2927 1363 3182 1421 Nicolaus
3210 1381 3347 1437 papa
3391 1365 3413 1418 Ι
3451 1367 3510 1420 in
3555 1365 3786 1420 decretis

2181 1467 2393 1520 eorum,
2427 1452 2789 1526 Symmachus
2813 1471 2944 1512 vero
2971 1458 3024 1513 in
3047 1459 3282 1530 generali
3300 1458 3536 1529 synodo,
3569 1457 3788 1514 diverso

2183 1545 2406 1616 quidem
2436 1555 2699 1618 tempore,
2729 1549 2826 1604 sed
2853 1551 3040 1606 eadem
3071 1566 3205 1606 voce
3233 1551 3302 1606 de
3328 1549 3572 1606 Romani
3603 1552 3784 1622 ponti-

488 1639 781 1712 originales
809 1658 1008 1700 causas
1052 1644 1314 1717 singulari
1351 1645 1632 1716 diligentia
1677 1647 1936 1720 indagare
1971 1665 2077 1704 non

2187 1636 2304 1693 ticis
2357 1617 2682 1695 auctoritate
2727 1643 3010 1712 protestati
3059 1651 3207 1698 sunt.
3275 1617 3666 1711 «Necessaria,
3705 1645 3784 1700 in-

487 1733 708 1788 omittit.
749 1733 830 1791 Ex
865 1737 956 1791 tali
983 1737 1128 1792 enim
1163 1738 1509 1810 indagatione
1543 1739 1714 1795 multa
1745 1741 2084 1796 rationabili-

483 1831 572 1880 ter
598 1825 844 1884 instituta
872 1829 1160 1900 parebunt,
1191 1846 1333 1902 quae,
1366 1831 1629 1902 ignoratis
1655 1849 1850 1890 eorum
1869 1835 2078 1906 causis,

485 1916 671 1974 minus
699 1919 898 1976 idonea
933 1922 1106 1978 videri
1146 1932 1460 1994 potuerunt.
1763 1994 1768 1999 ,

557 2009 672 2066 Hoc
699 2013 889 2084 utique
919 2016 1322 2074 studiosissime
1345 2017 1736 2091 indagandum,
1767 2029 1824 2077 et
1852 2020 2080 2094 indaga-

420 2139 423 2142 -
481 2109 600 2158 tum
622 2107 896 2162 memoria:
921 2109 1184 2166 tenaciter
1223 2111 1711 2168 commendandum
1745 2129 1758 2166 :
1789 2113 1919 2185 quid
1951 2131 2082 2170 san-

483 2195 556 2249 cti
580 2193 770 2253 Patres
790 2199 1210 2270 dispensatorie,
1239 2205 1398 2274 quasi
1425 2205 1491 2259 ad
1516 2213 1730 2276 tempus
1751 2208 2078 2262 servandum

481 2285 858 2359 instituerint;
899 2293 1032 2363 quid
1075 2294 1238 2350 etiam
1281 2297 1604 2366 generaliter
1651 2299 1802 2354 omni
1837 2309 2080 2371 tempore

481 2381 777 2438 tenendum
821 2386 1156 2442 censuerint.
1210 2387 1330 2444 Alia
1376 2390 1524 2445 enim
1573 2390 1713 2448 ratio
1757 2403 1843 2449 est
1885 2409 2078 2451 eorum

481 2487 606 2540 qum
646 2474 1047 2546 dispensatorie
1095 2479 1344 2537 instituta
1381 2483 1660 2551 videntur,
1705 2487 1808 2541 alia
1854 2501 2080 2558 genera-

480 2563 636 2621 lium.
680 2565 834 2624 Unde
869 2570 1060 2626 beatus
1097 2571 1448 2630 Innocentius
1485 2591 1622 2648 papa
1653 2579 1722 2633 ad
1753 2578 2078 2638 Macedones

481 2657 768 2730 episcopos
813 2663 1100 2720 scribens:
1131 2685 1149 2717 ‹
1179 2665 1336 2734 Quod
1368 2671 1689 2738 necessitas,
1737 2671 1934 2742 inquit,
1977 2685 2078 2743 pro

479 2749 722 2804 remedio
764 2753 984 2822 reperit,
1020 2748 1349 2814 necessitate
1387 2771 1658 2828 cessante,
1694 2763 1854 2819 debet
1891 2764 2079 2838 utique

481 2851 699 2896 cessare
750 2845 955 2914 pariter
1001 2850 1148 2918 quod
1184 2852 1440 2922 urgebat;
1473 2854 1602 2925 quia
1635 2856 1776 2912 alius
1819 2858 1954 2913 ordo
1993 2867 2078 2917 est

2183 1729 2401 1800 quiunt,
2447 1747 2633 1787 rerum
2679 1731 3036 1804 dispositione
3079 1735 3538 1807 constringimur,
3569 1745 3628 1792 et
3653 1751 3783 1808 apo-

2183 1823 2392 1879 stolica:
2423 1823 2568 1881 sedis
2598 1825 2966 1882 moderamine
3001 1828 3362 1884 convenimur
3391 1828 3477 1884 sic
3507 1845 3782 1884 canonum

2182 1913 2543 1972 Paternorum
2574 1918 2792 1974 decreta
2822 1918 3041 1986 librare,
3068 1929 3124 1974 et
3157 1929 3304 1975 retro
3333 1922 3641 1992 praesulem
3689 1923 3782 1977 de-

2182 2023 2574 2080 cessorumque
2619 2019 2932 2066 nostrorum
2980 2021 3248 2084 praecepta
3297 2013 3478 2069 metiri
3497 2056 3513 2080 ,
3563 2024 3628 2068 ut
3666 2030 3785 2085 qua:

2181 2103 2534 2173 praesentium
2561 2103 2864 2172 necessitas
2905 2112 3209 2176 temporum
3259 2107 3645 2162 restaurandis
3687 2105 3784 2162 Bc-

2181 2193 2362 2250 clesiis
2409 2195 2675 2265 deposcit,
2727 2195 2968 2252 adhibita
3017 2197 3460 2254 consideratione
3512 2199 3781 2270 diligenti,

2181 2295 2446 2357 quantum
2472 2296 2651 2358 potest
2673 2287 2788 2342 fieri
2809 2297 3192 2361 temperemus.
3225 2309 3242 2342 ι

2250 2376 2362 2435 Nec
2412 2379 2630 2436 mireris
2677 2381 2726 2436 si
2779 2380 3011 2438 Romani
3052 2382 3362 2454 pontiﬁces.
3389 2383 3536 2438 hanc
3563 2398 3779 2454 semper

2179 2471 2530 2540 peculiariter
2582 2473 2876 2530 habuerint
2907 2483 3230 2544 potestatem
3279 2484 3342 2532 ut
3385 2491 3638 2532 canones
3678 2491 3776 2545 pro

2181 2573 2428 2636 tempore
2463 2564 2862 2636 dispensarcnt.
2905 2565 3011 2638 Ipsi
3048 2569 3194 2624 enim
3225 2576 3354 2624 sunt
3404 2576 3665 2624 auctores
3691 2585 3778 2624 ca-

2180 2672 2410 2723 nonum,
2449 2665 2504 2712 et
2533 2657 2622 2713 illa
2650 2658 2808 2714 sedes
2837 2675 3050 2730 semper
3081 2661 3273 2717 habuit
3299 2662 3406 2718 hoc
3434 2662 3774 2732 privilegium

2181 2758 2240 2804 ut
2280 2751 2506 2822 ligatum
2539 2752 2624 2807 vcl
2649 2753 2894 2808 solutum
2936 2755 3007 2810 sit
3037 2755 3299 2826 quidquid
3357 2757 3478 2826 ipsa
3533 2757 3776 2828 ligaverit

2179 2843 2262 2900 vel
2305 2845 2546 2900 solverit.
2596 2843 2770 2914 Unde,
2791 2845 2949 2917 juxta
3000 2849 3404 2905 attestationcm
3459 2859 3773 2906 sanctorum

481 2929 779 3002 legitimus,
821 2937 927 3002 alia
984 2943 1290 3012 usurpatio,
1335 2962 1502 3016 quam
1549 2949 1614 3003 ad
1665 2963 1908 3020 ρτωερηε
1955 2951 2074 3009 πει-ί
2105 2972 2146 3029 C
2177 2934 2692 3029 Patrum,omnibus
2714 2939 2972 2996 Ecelesiis
2992 2941 3394 3011 przeeminet,et
3420 2943 3492 2998 de
3519 2945 3774 3002 omnibus

479 3031 696 3095 tempus
721 3028 964 3100 impellit.
990 3033 1055 3090 Et
1077 3036 1360 3106 advertite,
1387 3041 1531 3110 quod
1559 3042 1764 3113 utique,
1792 3049 1850 3099 ut
1873 3041 2075 3116 dicitis,

482 3119 783 3176 necessitas
810 3123 1116 3195 imperavit,
1145 3128 1200 3184 in
1231 3145 1366 3200 pace
1389 3131 1503 3200 jam
1555 3133 1826 3192 Ecclesias
1873 3139 2078 3195 consti-

481 3218 630 3268 tutas
669 3229 778 3268 non
814 3232 977 3286 posse
1020 3235 1372 3290 prmsumere.
1400 3244 1418 3276 ι
1484 3224 1599 3282 liae
1637 3228 1849 3285 ratione
1885 3231 2078 3289 beatus

481 3301 832 3363 [innocentius
857 3317 1122 3367 statutum
1159 3313 1364 3371 Niczeni
1402 3319 1618 3374 concilii
1655 3321 1721 3376 dc
1747 3322 2076 3381 haerereticis

481 3408 608 3448 cum
661 3397 854 3452 ordine
901 3402 1227 3472 recipiendis
1269 3421 1380 3461 non
1411 3409 1526 3478 jam
1559 3413 1946 3470 attendendum
1987 3432 2077 3474 as-

481 3487 675 3578 seruit,
705 3503 772 3544 eo
812 3493 957 3561 quod
987 3497 1289 3554 necessitas
1323 3498 1416 3556 illo
1459 3509 1702 3574 tempore
1745 3507 1858 3578 jam
1896 3519 2080 3567 trans-

482 3575 608 3632 ierit
653 3596 777 3649 qua:
813 3581 1061 3642 Nicrcnos
1103 3587 1292 3646 Patres
1343 3593 1413 3648 ita
1467 3575 1797 3656 Novatianos
1834 3603 2076 3674 recipere

480 3673 828 3741 compulerit.
877 3675 1033 3736 Unde
1077 3693 1132 3738 et
1171 3683 1415 3742 Africani
1453 3688 1664 3758 Patres,
1703 3709 1820 3765 cap.
1857 3673 2074 3764 52,7de4

479 3775 768 3860 creverunt
804 3784 872 3826 ne
916 3770 1212 3831 Donatistm
1261 3794 1384 3834 cum
1425 3781 1618 3838 ordine
1678 3787 2071 3860 reciperentur,

477 3849 604 3946 illis
637 3862 818 3912 tamen
864 3864 1108 3933 exceptis
1129 3883 1227 3936 per
1259 3883 1496 3932 quorum
1533 3849 1937 3946 susceptionem
1983 3849 2074 3938 ec;

477 3943 796 4005 clcsi'asticzn
824 3952 1042 4009 utilitati
1073 3959 1470 4017 cmsulerctur.

549 4035 626 4093 De
655 4039 743 4096 his
767 4053 949 4100 autem
973 4063 1097 4117 quae
1123 4066 1231 4106 non
1270 4052 1689 4125 dispensatoris,
1727 4061 1820 4117 sed
1845 4078 2070 4134 genera-

476 4129 600 4186 liter
639 4131 888 4192 instituta
933 4150 1081 4208 sunt,
1122 4151 1344 4200 sanctus
1387 4144 1497 4202 Leo
1531 4163 1668 4220 papa
1713 4129 1925 4222 primus
1951 4171 2072 4212 om-

475 4222 637 4279 nibus
661 4226 935 4298 episcOpis
963 4233 1210 4289 scribens
1239 4244 1506 4294 testatur:
1537 4259 1554 4292 ι
1587 4239 1704 4296 Non
1723 4285 1737 4309 ,
1775 4245 1975 4316 inquit,
2011 4249 2068 4303 in

2174 3028 2424 3100 judicare
2445 3039 2640 3100 potest.
2698 3029 2813 3088 Hoc
2843 3033 3032 3102 utique
3081 3034 3423 3106 privilegium
3456 3038 3610 3092 nulla
3641 3037 3775 3094 indi-

2177 3121 2359 3192 gnitas
2399 3122 2804 3194 prmsidentium
2849 3124 3174 3180 imminuere
3223 3127 3447 3196 poterit,
3490 3137 3774 3186 attestante

2177 3212 2498 3271 beatissimo
2525 3231 2666 3287 papa
2694 3215 2910 3273 Leone:
2952 3237 2970 3268 ι
2993 3217 3128 3286 Etsi,
3154 3218 3353 3289 inquit,
3377 3235 3771 3293 nonnunquam

2177 3305 2392 3363 diversa
2431 3316 2562 3364 sunt
2605 3309 2800 3364 merita
2854 3312 3170 3381 praesulem,
3194 3311 3322 3381 jura
3353 3319 3540 3369 tamen
3571 3331 3771 3385 perma-

2175 3409 2308 3457 nent
2339 3400 2571 3468 sedium,
2599 3402 2806 3472 quibus
2831 3413 3066 3473 possunt
3091 3403 3272 3460 atmuli
3305 3406 3766 3475 perturbationem

2178 3489 2418 3560 aliquam
2455 3489 2708 3548 fortassis
2757 3491 2981 3562 inferre,
3025 3510 3131 3549 non
3183 3503 3364 3550 tamen
3401 3505 3640 3566 possunt
3681 3497 3768 3551 mi-

2175 3595 2347 3638 nuere
2381 3583 2724 3655 dignitatem.
2755 3605 2775 3636 ι
2819 3583 2930 3642 Nec
2975 3586 3090 3660 ipse
3139 3595 3366 3643 sanctus
3406 3586 3630 3653 Petsus,
3677 3605 3764 3642 nc-

2174 3674 2306 3732 dum
2329 3676 2528 3748 aliquis
2553 3676 2810 3733 [totumue
2835 3679 2984 3735 sedis
3010 3679 3320 3750 cpiscopus,
3350 3681 3592 3751 aliquem
3615 3697 3762 3737 suum

2175 3783 2574 3837 successorem,
2587 3770 2774 3840 aliquo
2801 3771 3138 3842 prmjudiciu,
3151 3788 3215 3827 ea
3230 3780 3505 3842 potestate
3518 3775 3758 3844 privavit,

2173 3861 2309 3933 quin
2352 3863 2540 3918 eadem
2589 3863 2913 3918 auctoritate
2962 3865 3110 3919 omni
3143 3863 3419 3930 l‘lcclcsim,
3453 3883 3565 3921 non
3597 3867 3761 3921 solum

2173 3956 2437 4027 antiquis,
2466 3957 2562 4011 sed
2587 3965 2643 4012 ct
2669 3957 2828 4013 novis
2862 3958 3144 4024 institutis,
3183 3975 3331 4014 nunc
3379 3960 3587 4026 lenius,
3628 3975 3761 4015 nunc

2173 4049 2420 4105 severius
2443 4049 2730 4105 consulere
2765 4058 2970 4120 posset,
3001 4051 3112 4105 imo
3139 4050 3384 4118 deberet,
3437 4063 3604 4122 prout
3631 4063 3759 4108 tem-

2171 4144 2292 4216 pori
2319 4159 2420 4200 suo
2448 4153 2816 4214 opportunum
2848 4143 2967 4198 fore
2991 4143 3216 4198 videret.
3257 4142 3374 4198 lloe
3423 4145 3616 4215 utique
3663 4145 3762 4200 sin-

2171 4236 2382 4308 gularia
2437 4235 2804 4290 [iornanorum
2848 4234 3164 4304 pontificum
3210 4235 3433 4290 decreta
3479 4245 3759 4301 testantur,

473 4314 804 4386 cujusquam
846 4335 1078 4390 persona
1125 4329 1646 4396 prtetermittendum
1693 4343 1778 4389 est.
1823 4314 1970 4407 quod
2015 4341 2071 4394 in
2099 4332 2147 4387 Β
2175 4329 2226 4383 in
2255 4329 2458 4400 quibus
2489 4328 2590 4398 ipsi
2619 4341 2846 4384 suorum
2877 4336 3184 4397 temporum
3218 4329 3646 4383 necessitatibus
3685 4328 3762 4382 di-

473 4411 825 4478 generalibus
847 4416 1067 4471 statutis
1089 4419 1418 4477 continetur.
1452 4443 1470 4474 »
1515 4423 1648 4491 Quae
1691 4427 1856 4484 etiam
1903 4430 2068 4486 Gela-

474 4500 592 4593 nius
630 4519 767 4574 papa
818 4521 1034 4577 semper
1079 4504 1402 4582 regulariter
1440 4519 1797 4576 custodienda
1833 4521 2066 4593 judicat,

476 4592 581 4647 nisi
603 4595 784 4666 aliqua
809 4599 889 4653 vel
918 4615 1102 4656 rerum
1133 4605 1216 4658 vel
1238 4614 1547 4676 temporum
1576 4623 1867 4683 perurgeat
1895 4592 2070 4686 angit?

475 4685 600 4740 stia.
643 4685 780 4744 Nam
804 4699 861 4745 ct
883 4691 950 4747 de
975 4693 1060 4750 his
1081 4710 1474 4769 nonnunquam
1497 4701 1703 4772 aliquid
1725 4714 1946 4762 sanctos
1971 4685 2070 4764 Pa-

475 4785 587 4833 tres
621 4781 898 4839 remisisse
931 4786 1188 4858 leguntur
1233 4805 1331 4860 pro
1371 4794 1695 4850 necessitate
1737 4805 2066 4868 temporum,

476 4873 538 4923 ut
559 4867 614 4922 in
638 4871 980 4930 ordinatione
1001 4879 1177 4934 sancti
1202 4880 1499 4948 Ambrosii,
1523 4899 1683 4954 quem
1707 4901 1771 4941 ex
1796 4867 2070 4960 ncophyto

475 4960 866 5020 ordinaverunt
893 4986 904 5020 :
929 4971 1077 5038 quod
1115 4979 1296 5028 tamen
1325 4977 1650 5044 generaliter
1673 4994 1950 5034 canonum
1983 4980 2074 5035 in-

473 5051 667 5109 stituta
721 5057 1132 5124 prohibuerunt.
1195 5063 1326 5120 Item
1363 5066 1504 5122 idem
1553 5068 1682 5138 Leo,
1733 5071 1830 5143 qui
1875 5089 2064 5144 supra,

475 5145 746 5213 quosdam
772 5163 838 5201 ex
864 5149 1015 5206 laicis
1037 5156 1318 5213 ordinatos
1352 5161 1404 5213 in
1427 5162 1740 5234 episcopatu
1773 5165 2068 5224 confirma-

473 5236 572 5302 vit,
609 5237 736 5296 licct
763 5247 818 5291 et
842 5239 946 5295 hoc
979 5245 1147 5300 sancti
1180 5245 1369 5306 Patres
1395 5254 1715 5312 generaliter
1739 5256 1844 5312 iam
1874 5257 2064 5312 prohi-

2170 4435 2333 4475 verso
2375 4420 2538 4474 modo
2577 4420 2924 4476 consuluisse
2967 4421 3240 4490 leguntur.
3296 4418 3506 4476 Niczeni
3549 4435 3760 4492 quoque

2169 4527 2410 4568 canones
2455 4511 2687 4568 Romani
2729 4511 2999 4581 pontiﬁcis
3027 4511 3368 4583 privilegium
3425 4521 3608 4568 ratum
3646 4528 3761 4568 esse

2169 4606 2477 4673 voluerunt,
2521 4621 2645 4660 cum
2695 4606 2760 4659 ad
2808 4605 3116 4674 exemplum
3155 4605 3276 4674 ejus
3321 4605 3491 4660 etiam
3521 4606 3757 4660 omnium

2169 4698 2576 4769 provinciarum
2606 4697 2882 4768 privilegia
2909 4698 3220 4768 judicarent
3244 4697 3614 4752 observanda.

2248 4789 2604 4861 Nequaquam
2628 4805 2759 4860 ergo
2781 4791 2982 4860 aliquid
3003 4789 3283 4864 Rullianus
3305 4787 3556 4856 pontifex
3574 4797 3753 4844 contra

2169 4898 2410 4939 canones
2425 4883 2556 4954 agit,
2581 4883 2626 4938 si
2644 4883 2867 4954 quando
2885 4882 3024 4948 ilios,
3043 4897 3142 4952 pro
3157 4881 3601 4937 consideratione
3620 4893 3752 4936 tem-

2169 4991 2384 5046 porum,
2435 4991 2582 5030 nunc
2627 4975 2876 5040 intendit,
2911 4990 3064 5029 nunc
3102 4974 3350 5042 remittit,
3389 4990 3518 5029 cum
3555 4984 3610 5030 ct
3657 4973 3748 5044 ipsi

2167 5083 2408 5124 canones
2443 5068 2547 5123 tale
2579 5067 2918 5139 privilegium
2963 5067 3334 5121 indubitanter
3361 5066 3746 5129 concesserint,

2165 5160 2212 5217 si
2239 5168 2294 5216 ct
2319 5161 2410 5216 alii
2445 5161 2716 5232 episcopi,
2745 5159 2849 5215 etsi
2879 5159 3029 5214 nullo
3065 5158 3249 5222 modo,
3293 5167 3352 5212 ut
3401 5158 3596 5228 praesul
3625 5171 3747 5226 apo-

2166 5255 2411 5312 stolicus.
2437 5254 2518 5306 vel
2545 5269 2785 5308 crmoncs
2831 5253 3134 5312 instituere,
3183 5251 3267 5304 vel
3312 5251 3432 5312 jam
3479 5251 3742 5306 institutos
