3986 5312
235 122 382 182 1217

1092 120 1382 180 APPEND.
1423 122 1511 181 m.
1544 153 1617 166 --
1654 123 2089 183 ΜΟΝΕΜΕΝΤΛ
2127 126 2592 186 GREGORIANA.

3354 135 3497 194 1218

229 241 377 296 sisse
399 238 596 312 legitur
627 245 688 293 ut
717 236 881 310 digne
904 235 1234 310 posititentes
1261 235 1557 293 humanius
1584 243 1794 293 tracten
1854 239 1900 298 Δ
1928 244 2064 303 tum,
2091 237 2138 292 si
2162 246 2512 307 paternarum
2544 237 2747 312 regulze
2778 240 3144 309 sanctionem,
3175 258 3299 314 qwe
3336 248 3404 303 ad
3434 257 3520 305 to-

226 343 343 399 tur,
371 343 425 389 et
450 333 769 388 canonicam
791 331 1138 388 severitatem
1164 330 1218 384 in
1242 331 1323 385 eis
1348 330 1692 401 aliquatenus
1719 330 1823 384 mi-

224 428 423 498 tigent.
453 424 659 478 Debent
682 424 825 478 enim
845 423 998 494 juxta
1035 421 1409 477 Innocentium
1433 437 1630 493 papam
1657 430 1824 476 atten-

225 520 362 574 dere
383 514 787 573 confessionem
817 514 1154 588 ptenitentis,
1190 524 1244 570 et
1277 512 1439 571 fletus
1462 525 1515 571 et
1554 516 1825 587 lacrymas

224 610 578 680 corrigentis,
620 625 685 664 ac
723 617 853 663 tunc
878 608 1070 679 jubere
1093 605 1312 672 dimitti,
1351 621 1476 661 cum
1524 621 1824 678 congruam

226 703 466 758 viderint
487 701 935 758 satisfactionem.
976 698 1136 765 Nam,
1168 698 1323 768 juxta
1353 698 1738 771 Augustinum,
1768 698 1825 754 iu

228 793 551 863 hujusmodi
579 793 918 864 pmnitentia,
959 807 1067 846 non
1114 801 1224 845 tam
1265 806 1524 846 mensura
1566 789 1827 859 temporis

227 899 401 956 quam
430 886 637 941 doloris
664 894 749 941 est
768 884 1113 940 attendenda.
1154 881 1510 953 Nequaquam
1536 891 1719 941 autem
1742 897 1829 937 ec-

226 978 538 1033 clesiastica
560 978 845 1048 disciplina
874 976 1170 1032 subsistere
1197 983 1401 1046 posset,
1430 974 1475 1031 si
1498 989 1607 1029 non
1631 975 1828 1044 przesul

228 1071 569 1141 apostolicus
590 1072 738 1126 illam
770 1070 1151 1125 auctoritatem
1177 1068 1402 1124 haberet
1424 1068 1491 1125 de
1524 1068 1828 1124 canonibus

228 1179 402 1234 quam
442 1179 608 1234 supra
646 1165 953 1220 retulimus.
993 1162 1130 1217 Nam
1161 1162 1577 1233 praecedentium
1603 1161 1828 1217 Patrum

228 1265 439 1311 statuta
464 1257 894 1313 ecclesiasticam
922 1255 1265 1325 disciplinam
1296 1270 1405 1309 non
1432 1263 1543 1310 tam
1575 1254 1829 1310 institue-

230 1362 364 1403 rent
386 1365 553 1419 quam
573 1348 989 1415 confunderent,
1017 1348 1064 1403 si
1089 1347 1235 1402 nulla
1257 1347 1467 1403 ratione
1493 1364 1525 1403 a
1548 1362 1833 1404 successo-

229 1442 391 1496 ribus
428 1457 619 1497 cornm
648 1440 926 1497 immutari
949 1449 1190 1511 possent,
1221 1455 1349 1496 cum
1384 1449 1563 1496 tamen
1588 1440 1830 1496 necessi-

230 1543 323 1589 tas
362 1536 622 1606 temporis
675 1551 822 1591 nunc
852 1535 1039 1590 mitius
1091 1549 1238 1589 nunc
1287 1534 1530 1591 severius
1572 1535 1831 1590 inceden-

1926 329 2035 383 tius
2067 328 2319 385 Ecclesia:
2353 331 2616 403 regimen,
2662 331 2855 402 spiritu
2883 331 3344 404 Deiinstrucnte,
3393 350 3523 397 sunt

1924 423 2176 489 conditis,
2229 440 2336 490 me,
2387 425 2533 495 quod
2583 425 2752 480 absit!
2805 426 3126 483 connivente
3173 430 3461 488 violentur.
3495 452 3513 487 ι

1925 512 2059 569 Item
2107 513 2285 571 Julius
2333 532 2495 587 papa,
2540 515 2909 573 Orientalibus
2955 520 3229 590 episcopis
3272 524 3520 581 scribens

1927 605 2102 677 (epist.
2149 607 2219 661 ad
2263 606 2466 663 Orient.
2513 610 2658 663 circa
2697 610 2876 680 ﬁnem)
2912 629 2925 664 :
2962 629 2980 661 ι
3011 610 3281 682 lnstituta,
3322 616 3521 686 inquit,

1927 699 2307 767 apostolorum
2352 709 2408 756 et
2452 703 2878 770 apostolieorum
2905 703 3148 760 virorum
3177 716 3523 765 contemnere

1945 789 2115 845 nolite.
2172 790 2426 847 Canones
2479 793 2713 860 habetis,
2759 794 2846 850 his
2886 793 3162 864 fruimini;
3204 799 3337 854 satis
3375 800 3523 855 enim

1927 882 2209 955 indignum
2249 891 2334 938 est
2382 900 2714 955 quemquam
2760 886 3079 956 pontiﬁcum
3138 889 3223 944 vel
3267 891 3521 946 ordinum

1929 973 2382 1045 subsequentium
2412 978 2555 1032 hanc
2596 979 2837 1048 regulam
2888 978 3125 1035 refutare
3170 996 3337 1051 quam
3374 983 3522 1038 beati

1928 1058 2072 1117 Petri
2097 1064 2282 1119 sedem
2311 1066 2573 1135 consequi
2594 1067 2790 1134 videat,
2815 1076 2869 1122 et
2886 1069 3099 1125 docere.
3137 1068 3365 1128 Multum
3391 1089 3526 1129 con-

1930 1154 2077 1210 venit
2102 1165 2161 1210 ut
2190 1165 2365 1212 totum
2407 1172 2607 1228 corpus
2637 1158 2894 1216 Ecclesia:
2936 1160 2991 1214 in
3022 1162 3124 1217 hac
3165 1164 3385 1221 sibimet
3417 1167 3522 1221 ob—

1930 1247 2239 1303 servatione
2269 1251 2584 1318 concordet,
2623 1267 2747 1321 quae
2782 1252 2907 1307 inde
2929 1255 3307 1313 auctoritatem
3360 1258 3527 1313 habet

1932 1338 2026 1391 ubi
2057 1337 2325 1395 Dominus
2354 1339 2610 1423 Ecclesiae
2634 1343 2801 1398 totius
2826 1344 3007 1414 posuit
3029 1347 3415 1417 principatum,
3444 1348 3528 1405 di-

1932 1439 2087 1487 cente
2123 1430 2406 1504 Scriptura
2440 1455 2453 1489 :
2481 1432 2764 1491 Ordinavit
2795 1437 2849 1491 in
2877 1453 2963 1493 me
2989 1439 3308 1496 charitatetn
3342 1441 3524 1510 (Cant.

1935 1524 1996 1594 ιι)
2026 1543 2038 1578 :
2071 1542 2090 1576 ι
2143 1523 2210 1580 Ει
2270 1525 2467 1583 iterum
2522 1546 2535 1583 :
2592 1548 2610 1581 ι
2650 1527 2845 1585 Omnia
2899 1546 3026 1586 cum
3054 1532 3246 1589 ordine
3294 1532 3428 1590 ﬁant
3473 1534 3529 1608 (Ι

229 1629 369 1684 dum
400 1597 745 1700 persuadeat.
795 1628 952 1695 Quod
984 1628 1134 1682 illum
1167 1642 1276 1682 non
1305 1628 1490 1683 latebit
1511 1628 1605 1700 qui
1628 1645 1832 1700 praece—

1945 1611 2061 1669 Cor.
2106 1614 2243 1686 xiv).
2270 1635 2288 1669 ι

229 1723 483 1777 dentium
508 1721 730 1779 Patrum
760 1732 814 1778 et
840 1722 1288 1792 subsequentium
1315 1730 1516 1778 statuta
1550 1724 1836 1795 diligenter

214 1815 570 1887 investigare
594 1816 887 1870 curaverit.
920 1814 1146 1886 Nempe,
1190 1815 1236 1870 si
1272 1814 1333 1870 Β.
1363 1815 1613 1872 Gelasius
1644 1832 1836 1873 nume-

230 1923 362 1963 rum
404 1925 674 1965 annorum
717 1926 857 1980 quos
885 1908 971 1965 sui
1000 1916 1375 1966 antecessores
1402 1911 1631 1982 singulis
1656 1911 1837 1982 gradi-

231 2001 341 2057 bus
391 2002 742 2072 praefixcrunt
814 2002 1138 2058 imminuere
1182 2018 1292 2057 non
1339 2013 1545 2074 posset,
1595 2006 1837 2075 penurize

216 2093 566 2150 clericorum
601 2095 686 2150 sui
734 2095 994 2166 temporis
1044 2110 1142 2166 per
1183 2097 1529 2169 presbyteros
1567 2114 1633 2153 ex
1682 2098 1837 2155 laicis

233 2186 384 2243 infra
432 2204 638 2244 annum
681 2198 983 2244 maturatos
1034 2189 1184 2243 nullo
1239 2191 1401 2245 modo
1451 2192 1833 2248 succurrisset.

236 2276 398 2346 Item,
437 2279 482 2334 si
520 2281 766 2336 moderni
794 2281 1077 2352 pontifices
1103 2282 1452 2353 antiquorum
1484 2283 1717 2355 rigorem
1741 2301 1836 2341 ca-

236 2387 453 2428 nonum
502 2388 668 2444 super
714 2375 897 2445 lapsos
938 2376 1248 2430 sacerdotes
1295 2377 1572 2432 remittere
1617 2379 1839 2449 nequis-

236 2474 387 2532 sent,
446 2465 561 2536 ipsa
609 2465 920 2522 Christiana
962 2467 1153 2538 religio
1200 2468 1459 2523 destituta
1512 2471 1837 2525 sacerdotali

236 2557 424 2613 ollicio
446 2559 661 2629 penitus
682 2568 827 2615 stare
854 2576 961 2613 non
989 2568 1191 2630 posset,
1222 2576 1345 2615 eum
1377 2560 1491 2631 jam
1530 2577 1667 2632 pene
1704 2563 1838 2617 nulli

238 2652 577 2719 sacerdotes,
601 2653 707 2708 nisi
735 2652 1088 2709 criminalitcr
1110 2652 1267 2723 lapsi,
1303 2653 1670 2724 reperiantur;
1698 2670 1838 2726 quos

239 2744 460 2815 antiqui
491 2760 731 2801 canones
755 2745 1075 2816 deposuisse
1097 2745 1369 2815 leguntur.
1401 2750 1404 2757 ‘

319 2838 618 2893 Sciendum
660 2853 792 2893 sane
835 2839 983 2909 quod
1026 2836 1258 2892 Romani
1298 2838 1585 2909 pontifices
1624 2854 1840 2909 semper

2008 1704 2267 1763 Eamdem
2312 1713 2635 1765 sententiam
2675 1711 2868 1769 beatus
2905 1713 3154 1771 Cclasius
3202 1716 3257 1771 in
3291 1717 3529 1788 genera‘n'

1936 1796 2184 1868 decreto,
2212 1801 2279 1856 de
2306 1803 2693 1860 ecclesiasticis
2721 1805 2984 1862 institutis
3007 1809 3075 1863 ad
3101 1824 3292 1863 omnes
3319 1810 3533 1880 cpisco-

1937 1907 2037 1963 pos
2060 1892 2325 1961 scribens,
2348 1894 2682 1967 deprompsit
2707 1917 2719 1951 ε
2752 1918 2769 1949 ‹
2802 1898 2941 1953 Cum
2972 1900 3150 1968 nobis,
3177 1901 3371 1973 inquit,
3397 1918 3533 1959 con—

1939 1991 2021 2038 tsa
2079 1985 2400 2041 salutarium
2464 1990 2821 2044 reverentiam
2878 1992 3189 2063 regularum
3245 1993 3534 2064 cupiamus

1939 2084 2142 2131 temere
2188 2078 2323 2132 nihil
2367 2079 2549 2149 licere,
2588 2089 2641 2136 et
2674 2098 2797 2136 cum
2838 2084 2993 2139 sedes
3027 2086 3325 2156 apostolica
3369 2102 3538 2157 super

1939 2168 2026 2224 his
2054 2171 2329 2237 omnibus,
2356 2170 2571 2229 favente
2605 2172 2859 2241 Domino,
2887 2191 3011 2247 qua:
3032 2178 3273 2247 paternis
3300 2174 3553 2235 canonis

1939 2258 2043 2316 bus
2072 2273 2200 2318 sunt
2220 2265 2460 2333 praeﬁxa,
2493 2266 2583 2336 pio
2614 2267 2918 2337 devotaque
2941 2270 3155 2324 studeat
3186 2279 3370 2326 tenere
3399 2285 3532 2340 pro-

1938 2353 2140 2422 posito,
2192 2355 2327 2411 satis
2362 2356 2645 2429 indignum
2712 2370 2795 2415 est
2834 2376 3165 2431 quemquam
3212 2363 3535 2430 pontiﬁcum

1939 2446 2022 2499 vel
2061 2447 2315 2502 ordinum
2343 2450 2792 2521 subsequentium
2822 2452 2962 2507 hanc
2990 2454 3398 2509 observantiam
3447 2470 3535 2509 re-

1941 2534 2120 2592 futare
2160 2555 2326 2609 quam
2376 2540 2517 2596 beati
2566 2540 2713 2596 Petri
2750 2542 2934 2598 sedem
2964 2544 3225 2613 consequi
3260 2545 3439 2603 videat
3480 2553 3538 2602 et

1941 2627 2167 2697 docere;
2208 2630 2450 2703 satisque
2497 2632 2828 2688 conveniens
2866 2642 2950 2689 est
3000 2643 3059 2690 ut
3116 2644 3289 2692 totum
3333 2651 3534 2707 corpus

1940 2719 2195 2777 Ecclesia:
2209 2724 2261 2776 in
2284 2723 2386 2778 liae
2407 2724 2623 2781 sibimet
2643 2726 3021 2782 observatione
3040 2729 3353 2796 concordet,
3368 2745 3533 2799 quam

1944 2812 2054 2869 illic
2093 2815 2274 2885 vigere
2316 2803 2462 2870 videt
2510 2818 2601 2872 ubi
2634 2808 2898 2873 Dominus
2944 2819 3111 2875 totius
3141 2820 3401 2877 Ecclesia:
3428 2838 3532 2891 po-

241 2933 424 3005 magis
445 2933 667 3005 antiqua
689 2907 913 3004 exsequi
934 2941 989 2988 et
1016 2907 1310 2988 observare
1328 2949 1493 3004 quam
1524 2950 1661 2989 nova
1684 2907 1840 2989 insti-
1866 2949 1908 3005 ο
1942 2907 2053 3005 διιξη
2078 2907 2463 3005 υνίξξξίίβίηωηο
2506 2908 2566 2964 Ῑ¹¹
2598 2910 2701 3005 ιιος
2730 2910 2917 2982 “aque
2945 2912 3115 3005 δὶιηίξίί
3141 2912 3373 2969 Romani
3397 2930 3536 2984 βοη-

241 3033 423 3092 tuere,
453 3026 559 3080 nisi
588 3027 768 3097 aliqua
794 3025 1133 3081 rationabilis
1157 3042 1321 3082 causa
1343 3036 1676 3097 perurgeret,
1708 3041 1841 3083 con-

244 3126 564 3173 sueverunt.
611 3117 767 3174 Unde
794 3119 988 3174 beatus
1024 3118 1273 3173 Gclasius
1299 3135 1436 3188 papa
1458 3120 1525 3173 ad
1557 3119 1843 3190 episcopos

246 3208 539 3266 Dardaniae
572 3230 584 3266 :
624 3232 642 3263 ι
670 3209 883 3279 Nullus,
916 3211 1110 3281 inquit,
1136 3200 1545 3279 jam’veraciter
1580 3210 1846 3267 Christia-

247 3318 356 3359 nus
390 3304 627 3375 ignorat,
643 3305 1071 3377 uniuscujusque
1094 3303 1653 3376 synodiconstitutum
1678 3305 1846 3376 (quod

247 3398 579 3452 universalis
592 3396 843 3453 Ecclesiae
864 3397 1111 3469 probavit
1129 3397 1432 3468 assensus),
1448 3397 1650 3452 nullam
1672 3398 1848 3469 magis

250 3488 480 3559 exsequi
506 3489 691 3544 sedem
718 3505 831 3561 prie
860 3489 1072 3545 cteteris
1093 3497 1345 3560 Oportere
1373 3506 1539 3559 quam
1566 3490 1843 3560 ,primam,

250 3597 377 3651 quae
406 3598 851 3655 unamquamque
872 3583 1138 3656 synodum
1164 3590 1217 3636 et
1240 3596 1337 3636 sua
1362 3583 1683 3638 auctoritate
1707 3598 1844 3637 con-

252 3674 455 3739 ﬁrmat,
501 3684 555 3730 et
583 3676 900 3731 continuata
930 3674 1303 3729 moderatione
1341 3674 1595 3729 custodit.
1628 3694 1646 3726 ι
1708 3673 1845 3739 Hinc

254 3775 482 3823 sanctus
506 3766 619 3823 Leo
647 3783 785 3839 papa
818 3785 830 3821 :
869 3788 887 3820 ι
908 3768 989 3822 Ad
1019 3781 1221 3832 meum,
1266 3765 1463 3836 inquit,
1507 3767 1679 3821 tendit
1718 3781 1843 3823 rea-

1941 2997 2114 3053 tilices
2133 2998 2254 3055 aliis
2279 3016 2437 3070 pares
2458 3016 2581 3056 esse
2602 3002 2913 3068 voluerunt,
2935 3002 3083 3072 quod
3112 3019 3221 3059 non
3243 3012 3354 3059 tam
3385 3019 3538 3061 nova:

1944 3089 2304 3147 institutionis
2334 3102 2585 3149 auctores
2620 3110 2785 3165 quam
2816 3093 3015 3149 veteris
3044 3104 3394 3163 exsecutores
3419 3094 3537 3149 exi~

1947 3184 2460 3256 sterqstuduerunt;
2492 3186 2639 3256 quod
2668 3202 2775 3240 non
2806 3185 2981 3242 solum
3007 3185 3278 3257 Romano,
3299 3188 3397 3245 sed
3419 3189 3538 3243 cui-

1914 3274 1918 3278 ’
1951 3275 2082 3332 libet
2110 3277 2364 3348 episcopo
2395 3276 2644 3334 Gelasius
2672 3278 2833 3336 licere
2863 3287 3115 3341 testatur.

2026 3413 2296 3487 Hactenus
2349 3414 2586 3487 antiqua:
2639 3416 2977 3470 membranae.
3027 3413 3160 3480 ρυω
3193 3430 3325 3487 παθη
3374 3423 3541 3469 totum

1951 3486 2207 3541 Bernaldi
2238 3486 2663 3558 lucubrationem
2702 3488 2858 3558 nobis
2880 3487 3179 3558 exhibeant,
3202 3486 3447 3558 ambigo,
3478 3488 3541 3541 ab

1951 3558 2109 3628 ﬁnem
2152 3567 2261 3610 tam
2306 3557 2610 3628 abruptum,
2650 3568 2699 3612 et
2742 3557 2887 3611 nulla
2920 3556 2999 3628 ret
3025 3556 3238 3628 lectoris
3270 3556 3545 3612 vel'Gcbc-

1921 3626 2108 3680 ‘hardi
2127 3626 2530 3696 compellatione
2561 3629 2921 3682 terminatum.
2965 3626 3067 3683 Cui
3097 3626 3302 3697 plenius
3327 3637 3375 3682 et
3408 3630 3545 3682 inte-

1950 3699 2097 3821 ρᾶἰυε
2125 3698 2396 3767 exemplar
2437 3700 2702 3769 obtigerit,
2748 3700 2796 3752 is
2840 3697 3167 3752 Bernaldum
3206 3697 3543 3771 integriorem

1950 3785 1974 3821 ε
2015 3776 2093 3821 at.
3132 3796 3137 3803 ε

1946 3776 2093 3825 edat.
3132 3796 3137 3803 τ

274 3903 3514 3938 W

981 3994 1485 4135 MONITUM
1544 4053 2042 4132 EDITORIS
2099 4052 2845 4130 PATROLOGI/E.

244 4316 247 4317 ν
330 4241 629 4314 Opusculis
655 4239 906 4297 Bernaldi
933 4240 1045 4311 jam
1075 4255 1139 4295 ex
1173 4239 1432 4295 Gretsero
1461 4236 1622 4293 editis
1645 4234 1932 4308 jungimus
1957 4234 2062 4290 alia
2093 4248 2216 4305 quae
2242 4233 2452 4304 primus
2479 4233 2742 4289 inlucem
2786 4233 2970 4290 emisit
3007 4232 3362 4291 doctissimus
3403 4232 3543 4289 Ger-

262 4339 463 4393 mania:
490 4352 664 4392 sacrae
691 4335 883 4390 editor.
920 4333 1121 4389 Deinde
1149 4331 1464 4387 Chronicon
1492 4329 1766 4395 Bernaldi,
1807 4329 1863 4383 in
1891 4344 2003 4399 quo
2033 4328 2206 4383 multa
2234 4328 2302 4383 de
2329 4327 2573 4399 Gregorii
2609 4326 2697 4382 Vll
2726 4328 2889 4383 rebus
2934 4328 3130 4398 gestis,
3163 4328 3539 4399 subjiciemus.

263 4430 619 4504 Tengnagelii
649 4427 899 4501 Syllogen
929 4426 1006 4483 sic
1038 4425 1353 4496 ampliatam
1383 4424 1641 4481 claudent
1661 4420 1926 4494 opuscula
1955 4435 2080 4492 quae
2117 4420 2172 4474 in
2203 4419 2383 4476 indice
2422 4420 2749 4477 Collectioni
2792 4419 3019 4491 prteﬂxo
3056 4420 3434 4478 inscribuntur
3460 4419 3549 4472 ul-

269 4526 424 4581 tima.

277 4670 658 4696 Μ

659 4652 3549 4688 MM

870 4826 1369 4913 MONITUM
1432 4826 1921 4910 EDITORIS
1979 4825 2538 4908 GERMANI/E
2600 4821 2961 4905 SACBE.

1526 4990 1531 4996 ’
1764 4985 1855 5058 (ιι,
1887 4983 2041 5057 356.)

2094 5293 2232 5312 μμ---
2268 5298 2383 5312 ...ηη
2420 5280 2697 5312 mam“...
2730 5284 2907 5312 tum...
2950 5276 3195 5312 nam]..-
3238 5309 3249 5312 -
3291 5257 3680 5312 “auexerunt.
