3986 5312
475 299 620 357 {219
1454 292 1548 349 AD
1584 289 1816 351 OPERA
1849 290 1908 349 S.
1949 285 2280 350 GREGOllll
2313 285 2760 344 APPENDICES.
2856 326 2859 327 ν
3606 293 3746 351 1220

475 414 697 486 uincant.
744 407 849 486 llic
873 406 1248 486 semanifeste
1277 404 1534 486 S.plasii
1560 407 1915 486 _mo_n_achum
1951 402 2173 486 fatetur,
2220 403 2388 486 tacito
2430 411 2617 486 tamen
2652 402 2961 486 presbyteri
2994 402 3178 473 titulo,
3205 405 3453 486 etsitutn
3482 407 3613 465 talis
3635 408 3748 486 iam

476 482 664 548 fuerit,
691 482 894 552 quippe
915 479 1173 552 defuncto
1190 479 1306 552 jam
1346 477 1612 549 Gregorio
1657 476 1746 552 Eli
1770 493 1903 552 an_n_.
1948 475 2087 552 1085
2113 475 2609 552 _scribens,_adhue
2652 475 2836 530 tamen
2876 485 3003 532 ante
3049 492 3257 531 annum
3283 477 3445 544 1088,
3473 494 3591 552 quo
3616 475 3751 535 obiit

474 544 1286 621 Bernard'us'Corbeiensis,’ad
1319 544 1484 620 queui
1528 556 1630 621 est
1657 546 1908 621 Bernaldi
1935 545 2165 621 epistola
2215 544 2444 621 (supra),
2498 545 2556 600 in
2603 557 3103 621 qua_sacramenta_
3144 544 3749 621 excommunicatorum

474 621 733 687 admittit,
756 638 880 691 quae
900 621 990 676 hic
1022 621 1203 691 adhuc
1232 616 1505 675 fluctuans
1534 618 1731 691 rejicit.
1769 616 1891 689 lpse
1927 617 2101 689 stylus
2137 616 2389 671 eumdem
2418 616 2838 691 prmcedentium
2879 618 3268 691 Opusculorum
3294 620 3622 691 scriptorem
3659 637 3749 675 ar-

475 694 612 765 guit,
665 693 742 747 uti
773 686 981 747 attento
1012 690 1204 746 lectori
1230 699 1424 761 suapte
1451 686 1687 761 patebit;
1715 686 2041 762 argumenta
2068 701 2289 760 quoque
2311 696 2426 743 tam
2456 686 2545 743 hic
2568 702 2736 758 quam
2766 686 2822 742 in
2857 686 3213 760 sequentibus
3236 686 3525 762 opusculis
3546 692 3751 764 passim

475 765 709 820 adducta
741 762 977 820 idiusum
1008 762 1145 818 satis
1166 763 1448 818 evincunt.

475 777 709 820 adaucta
741 777 977 834 impsum
1008 777 1145 818 satis
1166 777 1448 818 evincunt.

482 892 3726 925 Mm

1632 965 2599 1172 BERNALD:

922 1269 1429 1330 APOLOGETICIE
1468 1222 1814 1328 llA'flONES
1850 1266 2132 1325 CONTRA
2170 1267 2782 1330 SCillSMATlCORUM
2820 1271 3300 1333 OBJECTIONES.

551 1564 788 1621 Domino
822 1578 886 1618 ac
913 1558 1215 1616 venerabili
1243 1557 1569 1612 ADELBERTO
1585 1554 1899 1613 Nemetensi
1929 1571 2070 1627 prm-
2098 1558 2151 1640 A_
2239 1553 2329 1612 Ill.
2379 1553 2646 1613 Miramur
2689 1566 2874 1614 autem
2927 1558 2995 1616 de
3037 1569 3217 1618 vestra
3270 1560 3572 1634 prudentia
3617 1563 3762 1637 quod

480 1660 663 1731 posito
724 1656 910 1731 (106E!)
962 1654 1283 1710 BERNALDUS
1336 1651 1562 1707 ultimus
1604 1650 1836 1707 fratrum
1885 1651 1954 1707 de
2011 1647 2070 1706 S.

483 1753 690 1810 Blasio.

555 1844 596 1900 l.
636 1844 855 1899 Littera:
873 1851 1088 1908 vestrae,
1111 1854 1252 1911 quas
1278 1838 1347 1893 ad
1375 1835 1432 1892 S.
1458 1835 1699 1892 Blasinm
1720 1852 1819 1908 per
1850 1834 2074 1892 fratrem

486 1943 741 1992 nostrum
786 1932 1185 1988 Adelbcronem
1231 1929 1534 1995 dircxistis,
1581 1944 1693 1983 non
1738 1945 1931 2000 parum
1975 1943 2076 1984 nos

491 2035 685 2084 notare
707 2026 981 2090 videntur,
1029 2023 1188 2095 quasi
1235 2038 1266 2098 a
1326 2030 1477 2077 recta
1530 2020 1619 2075 via
1650 2021 2073 2087 deviaverimus,

486 2133 701 2189 nosque
739 2116 874 2173 satis
916 2115 1146 2170 fideliter
1182 2114 1482 2167 admonent
1519 2120 1579 2166 ut
1610 2126 1856 2166 errorem
1905 2110 2078 2166 corri-

484 2227 613 2283 gere
645 2226 759 2266 non
811 2209 1225 2265 erubescamus.
1281 2205 1388 2261 Sed
1434 2221 1537 2260 nos
1571 2220 1917 2276 nequaquam
1973 2205 2079 2260 hoc

483 2303 643 2374 quasi
686 2315 932 2357 errorem
1004 2298 1276 2369 corrigere
1331 2297 1740 2368 praesumimus,
1805 2297 1952 2367 quod
2010 2311 2079 2351 ex

485 2393 815 2465 evangelicis
842 2401 897 2446 et
919 2390 1236 2461 apostolicis
1269 2388 1649 2444 sanctionibus
1675 2388 2079 2444 observandum

486 2486 803 2544 didicimus.
840 2483 962 2539 Non
992 2474 1138 2539 enini
1169 2484 1274 2538 hoc
1317 2492 1464 2537 esset
1497 2497 1736 2536 errorem
1782 2482 2077 2554 corrigere,

485 2580 583 2636 sed
626 2577 802 2634 multo
828 2575 1193 2648 periculosius
1235 2583 1290 2630 et
1326 2572 1705 2629 detestabilius
1729 2589 1950 2641 errare;
1980 2590 2082 2631 nec

484 2672 554 2728 de
580 2668 917 2743 Gregoriano
962 2668 1308 2723 anathemate
1344 2682 1634 2738 possemus
1679 2666 1922 2733 enodari,
1955 2683 2080 2722 cum

485 2765 544 2819 in
568 2763 664 2819 tali
695 2762 1038 2818 correctione
1065 2760 1237 2815 sacris
1263 2760 1566 2814 canonibus
1590 2759 1962 2814 inveniremur
1986 2759 2083 2815 ad-

486 2856 653 2910 versi.
687 2848 1035 2923 Quapiopter
1081 2850 1135 2905 in
1175 2849 1491 2921 huiusmodi
1523 2851 1707 2908 eausis
1747 2851 2082 2907 ecclesiasti-

487 2960 583 3002 cas
620 2945 933 3001 sanctiones
978 2944 1290 2998 necessario
1322 2943 1625 3013 sequimur,
1652 2959 1790 3013 quas
1827 2953 1881 2998 et
1901 2943 2077 3011 vobis,

486 3038 590 3092 etsi
620 3036 966 3094 admonitore
1012 3050 1120 3089 non
1160 3034 1385 3106 egeatis,
1435 3036 1751 3089 summatim
1799 3036 2079 3095 recordari

489 3129 769 3195 volumus,
804 3137 864 3183 ut
910 3135 1062 3183 tanto
1108 3126 1326 3182 facilius
1368 3127 1510 3197 apud
1539 3142 1635 3182 vos
1660 3124 1725 3181 de
1753 3141 1936 3181 errore
1980 3142 2081 3183 cx-

489 3236 811 3294 purgemur,
847 3228 1055 3291 quanto
1082 3219 1269 3275 minus
1304 3235 1335 3273 a
1367 3218 1613 3290 vestigiis
1640 3225 1957 3273 sanctorum
1977 3216 2082 3274 Pa-

497 3323 670 3383 trum,
698 3314 753 3368 in
777 3314 865 3369 his
890 3329 1014 3383 quae
1040 3312 1294 3379 notastis,
1324 3312 1662 3367 e'xorbitasse
1683 3322 2077 3368 monstramur.

565 3406 631 3462 il.
673 3405 742 3461 Et
763 3406 999 3477 primum
1026 3403 1245 3476 quidem
1272 3419 1374 3460 nos
1405 3403 1568 3459 nimis
1594 3403 1661 3458 ad
1687 3404 1966 3461 dexteram
1989 3405 2085 3461 de-

494 3498 703 3555 clinare
746 3497 950 3553 notatis
991 3498 1049 3552 in
1080 3497 1407 3569 negligentia
1452 3495 1706 3551 fraternis
1742 3498 2083 3568 compassio-

493 3590 801 3646 nisznnde
849 3598 1035 3645 tamen
1086 3589 1249 3645 nobis
1300 3588 1511 3644 conscii
1562 3602 1675 3642 non
1723 3602 1936 3646 sumus.
1988 3588 2088 3646 Est

490 3681 642 3735 enim
678 3680 1023 3735 consuetudo
1053 3688 1243 3734 nostra
1285 3688 1366 3746 ut,
1397 3678 1555 3749 juxta
1595 3678 1964 3752 evangelicam
2000 3679 2087 3735 in-

494 3770 841 3826 stitutionem
870 3785 983 3825 non
1022 3769 1207 3825 minus
1236 3770 1416 3825 oleum
1454 3785 1619 3839 quam
1659 3769 1849 3825 vinum
1884 3770 2084 3826 frater-

498 3861 589 3917 nis
613 3861 1028 3917 infirmitatibus
1073 3860 1332 3917 adhibere
1379 3861 1717 3919 studeamus.
1758 3859 1871 3917 Nec
1899 3861 1953 3917 in
1981 3863 2088 3920 hoc

494 3969 526 4008 a
551 3954 797 4024 quolibet
825 3952 984 4023 quasi
1008 3952 1173 4007 nimis
1195 3952 1570 4007 inhumaniter
1595 3953 1744 4007 velut
1764 3968 1795 4007 a
1820 3963 1967 4009 recta
1997 3953 2087 4009 via

491 4044 637 4100 devii
666 4045 863 4101 merito
903 4044 1238 4111 notabimur,
1287 4044 1334 4101 si
1366 4038 1514 4101 illius
1556 4045 1784 4118 vestigia
1826 4061 1928 4117 pro
1968 4062 2088 4102 mo-

492 4135 625 4192 dulo
648 4145 841 4192 nostro
868 4136 1027 4207 sequi
1078 4136 1326 4204 nitimur,
1371 4137 1467 4209 qui
1520 4138 1701 4209 arguit
1747 4146 1804 4193 et
1856 4139 2089 4211 castigat

2174 1666 2273 1707 vos
2320 1651 2533 1708 nescire
2564 1652 2928 1709 dissimulatis
2963 1669 3063 1711 cur
3094 1664 3372 1713 nostrates
3399 1657 3764 1715 abstinet-ese

2174 1744 2428 1800 studeant
2456 1745 2526 1800 ah
2553 1745 3061 1807 exeommunicatis.
3102 1746 3361 1821 Nunquid
3402 1750 3558 1805 enim
3603 1750 3764 1807 alicui

2177 1836 2234 1892 in
2281 1838 2458 1894 sacris
2481 1839 2789 1896 cauonibus
2812 1841 3029 1897 erudito
3058 1838 3228 1897 latere
3256 1844 3463 1914 poterit
3488 1844 3646 1915 quod
3667 1843 3767 1916 ipsi

2177 1930 2409 2001 apostoli
2432 1930 2777 2004 Romanique
2808 1932 3118 2004 pontifices,
3150 1949 3345 1990 eorum
3385 1936 3441 1991 in
3476 1937 3613 1993 sede
3632 1947 3689 1993 et
3713 1937 3769 1994 in

2176 2035 2445 2096 pmestate
2489 2040 2857 2095 successores,
2888 2025 2956 2083 de
2996 2027 3216 2083 vitanda
3253 2029 3767 2085 excommunicato—

2177 2135 2302 2174 rum
2329 2120 2715 2177 communione
2761 2121 3107 2177 statuerunt?
3145 2119 3223 2176 Ex
3263 2122 3467 2192 quibus
3505 2121 3571 2177 Β.
3606 2120 3769 2177 Calli-

2179 2219 2298 2268 stus
2328 2226 2468 2282 papa
2501 2220 2555 2267 et
2578 2221 2805 2285 martyr,
2837 2213 3084 2271 decimus
3126 2215 3394 2284 septimus
3421 2230 3455 2269 a
3488 2214 3553 2270 Β.
3585 2213 3765 2282 Petro,

2180 2302 2237 2357 in
2290 2303 2522 2358 decretis
2568 2304 2685 2360 suis
2739 2304 2924 2376 (1065)
2971 2305 3169 2361 modos
3221 2315 3518 2362 enumerat
3569 2309 3768 2378 quibus

2179 2394 2684 2451 excommunicatos
2704 2396 2877 2453 vitare
2898 2396 3181 2463 debemus,
3203 2397 3456 2453 videlicet
3485 2398 3548 2453 in
3573 2400 3770 2454 saluta-

2167 2486 2349 2553 .tione,
2376 2486 2432 2554 in
2470 2486 2682 2555 osculo,
2710 2488 2763 2542 in
2787 2487 3035 2544 oratione
3060 2496 3113 2543 et
3153 2487 3211 2542 in
3248 2489 3530 2545 convictu.
3562 2488 3769 2545 Deinde

2162 2579 2465 2655 .inferendo
2516 2581 2841 2637 sententiam
2888 2600 2903 2637 :
2953 2580 3283 2652 Quicunque,
3329 2580 3534 2652 inquit,
3585 2582 3648 2637 in
3685 2582 3766 2637 Itis

2181 2671 2260 2728 vel
2283 2673 2337 2727 in
2361 2671 2486 2726 aliis
2527 2672 2809 2744 prohibitis
2851 2673 3076 2730 scienter
3111 2674 3589 2729 mommunicatis
3624 2690 3767 2729 com-

2182 2768 2550 2835 municaverit,
2572 2767 2735 2837 juxta
2778 2765 3134 2838 apostolorum
3160 2765 3552 2820 institutionem
3584 2776 3638 2821 et
3662 2767 3768 2836 ipse

2182 2857 2350 2912 simili
2402 2858 2937 2912 excommunicationi
2976 2855 3290 2927 subjaceliit.
3353 2854 3510 2913 lianc
3550 2866 3767 2913 senten-

2182 2948 2310 3004 tiam
2326 2947 2383 3003 S.
2400 2947 2673 3004 Fabianus
2686 2964 2824 3020 papa
2844 2956 2898 3004 ct
2911 2955 3117 3019 martyr
3136 2945 3191 3001 in
3202 2946 3572 3019 decretisjsuis
3585 2947 3765 3019 (1061)

2180 3039 2663 3096 iudetreetabiliter
2704 3039 3103 3096 observandam
3139 3037 3428 3110 judicavit.
3471 3039 3632 3097 Hanc
3676 3056 3763 3098 sa-

2182 3132 2554 3188 cratissimum
2603 3131 2885 3188 Nicamum
2934 3130 3227 3188 concilium
3282 3140 3460 3186 ratam
3501 3147 3630 3188 esse
3680 3146 3768 3187 vo-

2182 3224 2285 3279 luit
2339 3224 2556 3296 (1065);
2606 3226 2752 3296 quod
2798 3221 2858 3280 Β.
2904 3223 3200 3297 Gregorius
3233 3240 3375 3296 papa
3408 3224 3469 3281 in
3508 3227 3766 3299 synodica

2182 3333 2282 3373 sua
2305 3325 2365 3371 ut
2386 3316 2676 3389 Evangelia
2706 3317 3045 3388 comprobat,
3075 3324 3130 3371 et
3157 3330 3349 3373 omnes
3376 3316 3447 3373 ab
3467 3332 3536 3373 eo
3558 3318 3767 3374 dissen-

2184 3409 2380 3465 tientes
2410 3410 2838 3465 anathematizat
2866 3408 3069 3480 (1066).
3112 3405 3266 3464 lianc
3312 3406 3375 3465 Β.
3425 3409 3766 3482 Augustinus

2184 3500 2241 3556 in
2272 3510 2485 3556 tantum
2513 3501 2853 3572 amplexatus
2880 3511 2983 3567 est,
3011 3507 3073 3555 ut
3108 3498 3282 3569 ipsam
3312 3498 3366 3554 in
3402 3500 3641 3556 concilio
3666 3499 3764 3556 217

2185 3594 2571 3665 episc0porum
2602 3592 2787 3666 (1007)
2836 3609 2936 3649 sua
2963 3591 3369 3662 subscriptione
3409 3592 3764 3649 conﬁrmasse

2184 3686 2431 3758 legatur;
2469 3683 2612 3756 Ergo
2633 3693 2688 3740 et
2743 3699 2845 3740 nos
2901 3682 3213 3745 necessario
3261 3684 3762 3739 excommunicatos

2161 3778 2426 3835 devitarc
2449 3776 2732 3842 debemus,
2757 3791 2823 3832 ne
2845 3775 3010 3831 simili
3033 3774 3593 3833 excommunicationi
3615 3775 3763 3832 insti-

2188 3869 2396 3926 tutione
2433 3868 2807 3939 apostolorum
2834 3867 3239 3938 subjaceamus.

2258 3960 2349 4018 IV.
2386 3960 2486 4017 Est
2503 3968 2687 4015 autem
2714 3959 3087 4016 indubitanter
3108 3959 3629 4015 excommunicatus
3660 3956 3762 4013 Ra-

2187 4070 2397 4112 vennas
2435 4052 2734 4110 Guibertus
2771 4052 2955 4124 (1068)
2985 4066 3112 4108 cum
3137 4050 3398 4107 omnibus
3427 4052 3553 4109 suis
3591 4051 3761 4107 fauto-

2189 4145 2368 4212 ribus,
2402 4144 2654 4200 videlicet
2679 4143 2993 4216 apostolicae
3019 4141 3166 4199 sedis
3198 4142 3441 4208 invasor,
3477 4151 3535 4199 et
3565 4142 3761 4199 domini

492 4244 636 4301 quos
656 4230 879 4326 diligit,
915 4229 1012 4300 qui
1044 4234 1263 4326 omnem
1289 4229 1462 4285 filium
1497 4229 1733 4301 flagellat
1751 4245 1916 4301 quem
1942 4230 2085 4287 reei-
2112 4269 2154 4326 C
2191 4237 2300 4304 sui,
2328 4251 2483 4308 papae
2514 4236 2740 4306 inquam
2785 4234 3054 4306 Gregorii,
3097 4233 3185 4290 cui
3225 4234 3597 4291 obedientiam
3620 4236 3765 4305 jura-

493 4323 574 4394 pit
598 4321 788 4394 (Hebr.
833 4339 912 4377 xu
934 4366 949 4391 ,
973 4322 1050 4393 6).
1075 4320 1367 4394 Nunquam
1402 4333 1607 4390 tamen,
1630 4322 1743 4379 Deo
1765 4324 2083 4392 miserante,

492 4414 563 4470 ad
586 4415 734 4469 illam
765 4414 1221 4470 inhumanitatem
1249 4414 1651 4485 perveniemus,
1691 4422 1754 4470 ut
1794 4415 1864 4470 ad
1902 4416 2086 4472 omnia

494 4506 728 4563 fratrum
755 4516 977 4577 peccata
1018 4521 1121 4562 nos
1151 4514 1335 4563 truces
1362 4515 1416 4563 et
1461 4507 1666 4580 rigidos
1705 4507 2083 4577 exhibeamus,

495 4600 642 4657 sicut
667 4608 862 4656 notare
879 4599 1144 4656 videmini
1173 4600 1277 4656 sub
1313 4600 1537 4655 nomine
1566 4596 1625 4655 S.
1670 4596 2008 4673 Hieronymi.

570 4733 756 4807 (1062)
797 4733 1504 4807 DesideratnrAdelhertus
1530 4733 1635 4807 iste
1661 4733 2087 4807 intgprgeposi—

497 4803 589 4860 tos
614 4804 906 4875 Spirenses
942 4805 998 4875 in
1033 4804 1206 4860 Gallia
1232 4804 1444 4875 Christ.
1471 4813 1510 4860 t.
1541 4803 1617 4875 V._
1645 4820 1698 4875 p.
1732 4803 1853 4875 740'.
1898 4803 1959 4859 In
1991 4820 2087 4860 ve-

496 4876 601 4948 teri
634 4873 882 4945 Spirensi
910 4873 1255 4948 NecrOIOgio,
1293 4891 1355 4930 Ill
1401 4873 1549 4948 Non.
1588 4873 1838 4948 Januarii
1864 4883 2086 4932 notatur

495 4946 743 5046 illi???
756 4946 1093 5046 Ξὶίῗῇοδίζῗῖ
1108 4944 1171 5046 εἷ
1197 4944 1842 5046 ἦν¹ί¹⁸νξηθὲείέῗθθίξαᾷἷ⁸ξ⁸
1858 4962 2086 5046 ,ἔῖἒίῗηηῒ

1356 5031 1578 5046 I\Amlnn
1634 5031 1820 5046 ﬁlim-II
1858 5032 1948 5046 ηει-

2186 4329 2284 4406 vit,
2339 4328 2737 4399 supplantator.
2807 4325 2914 4394 Qui
2962 4327 3153 4398 utique
3216 4325 3524 4398 Gregorius
3572 4329 3763 4399 saepius

2186 4420 2442 4477 eumdem
2496 4434 2598 4491 pro
2653 4417 2820 4475 certis
2880 4417 3203 4474 criminibus
3267 4416 3324 4471 in
3382 4419 3625 4489 generali
3675 4435 3763 4489 sy-

2185 4512 2334 4568 nodo
2369 4509 2554 4584 (1069)
2601 4509 3098 4573 anathematizavit,
3140 4508 3304 4565 etiam
3345 4520 3645 4580 antequam
3681 4509 3764 4563 ille

2185 4603 2544 4677 apostolicam
2575 4602 2760 4659 sedem
2790 4601 3103 4668 invasisset,
3134 4601 3264 4656 dum
3292 4600 3478 4657 adhuc
3499 4601 3762 4673 principes

2256 4736 2442 4863 (ιοίῇ)
2479 4736 2637 4878 :ptgd
2661 4735 3006 4803 Gratianum,
3045 4750 3096 4803 c,
3134 4733 3637 4792 Excommunicatos
3666 4736 3757 4804 17,

2183 4824 2336 4865 caus.
2438 4850 2490 4878 ,ί
2532 4849 2545 4862 .
2622 4848 2635 4862 .
2779 4876 2802 4878 _
2960 4877 2965 4878 ί
2997 4877 3008 4878 7

2284 4879 2441 4947 1064)
2479 4876 2637 4945 lbid.,
2675 4891 2725 4934 c.
2766 4876 2917 4933 Sicut
2948 4877 3035 4935 16.

2284 4881 2441 4947 1064)
2479 4881 2637 4945 lbid.,
2675 4891 2725 4934 c.

2256 4881 2446 5046 lusa
2673 4949 2740 5046 ξι

2288 5015 2441 5046 ΙΙΙρηὶ
2482 5018 2594 5046 ῐιηεοι
2673 5033 2700 5046 .-
2761 5015 2897 5046 οη-..
2926 5017 2997 5046 ΘΞ
