3986 5312
238 269 381 331 ﬂii

1102 256 1385 314 APPEND.
1427 255 1513 313 HI.
1554 284 1623 297 -—-
1656 249 2089 310 MONUMENTA
2127 248 2599 309 CREGOBIANA.

3374 248 3513 305 im

234 391 436 442 vestrae
457 378 652 452 partis,
679 384 741 432 ut
779 382 1004 442 nosam,
1029 373 1206 431 eidem
1252 371 1552 443 apostolico
1581 368 1819 424 debitam
1848 378 1893 434 Α
1916 379 2229 436 quemquam
2284 381 2404 421 enat
2468 364 2730 421 sententia
2788 365 2977 421 ordine
3014 364 3316 435 jufiesarto
3384 380 3516 436 pro-

233 473 609 530 obedientiam
637 469 1002 525 communiter
1032 464 1433 522 exhibuissent.
1474 461 1584 517 Nec
1623 461 1691 517 de
1733 461 1826 516 illo

235 565 591 620 anathemate
617 577 860 631 unquam
884 559 1035 614 exire
1065 555 1298 622 curavit,
1341 555 1437 610 sed
1474 555 1549 609 ita
1595 554 1825 607 anathe—

239 657 537 713 matizatus
580 663 742 725 atque
774 652 1029 724 perjurus
1077 649 1260 705 sedem
1296 646 1505 702 domini
1544 645 1629 703 sui
1675 646 1828 702 inva-

238 749 395 815 dere,
438 755 494 802 et
542 755 707 815 caput
762 744 1008 799 omnium
1058 740 1661 795 excommunicatorum
1710 737 1829 793 fieri

240 837 611 911 praesumpsit.
660 834 817 890 Hunc
843 849 973 907 ergo
1001 843 1055 888 et
1101 847 1293 887 omnes
1344 831 1466 901 ejus
1506 831 1827 901 compliees,

235 931 400 1001 juxta
424 936 628 983 statuta
650 928 874 982 Patrqu
903 934 1244 988 sanctorum,
1274 922 1590 978 necessario
1616 922 1829 977 devita-

245 1038 396 1088 ntus,
421 1020 572 1091 quia,
590 1019 745 1090 juxta
774 1016 834 1071 Β.
861 1015 1135 1072 Gelasium
1168 1013 1345 1084 (epist.
1371 1013 1461 1081 1⁸5,
1482 1011 1651 1068 Labb.
1680 1021 1720 1067 t.
1738 1011 1829 1080 ιν,

244 1130 373 1186 pag.
404 1113 587 1183 I200),
611 1126 803 1166 omnes
826 1109 1140 1180 compliccs,
1170 1115 1491 1173 sectatores,
1522 1106 1833 1161 communi-

244 1215 466 1261 calores
487 1205 755 1259 damnata:
781 1201 949 1257 semel
977 1198 1262 1271 pravitatis
1286 1197 1405 1268 pari
1431 1205 1581 1253 sorte
1611 1214 1837 1255 censen-

248 1306 362 1363 tur,
409 1312 510 1352 nee
552 1282 728 1366 potest
778 1294 1107 1364 perversitas
1136 1289 1362 1346 refutari
1397 1290 1662 1362 eompliee
1703 1306 1834 1363 per-

247 1390 531 1445 versitatis
555 1388 816 1456 admissa.

330 1481 392 1536 ν,
434 1481 568 1536 Illud
610 1490 814 1547 autem,
864 1476 1013 1547 quod
1055 1473 1209 1531 Isaac
1246 1474 1552 1531 Palaestinis
1600 1482 1656 1531 et
1724 1473 1836 1531 Do-

248 1575 466 1630 minum
495 1583 742 1628 nostrum
777 1570 1083 1642 publicanis
1112 1569 1551 1624 communicasse
1572 1568 1833 1635 scribitis,

246 1682 601 1737 nequaquam
655 1664 760 1719 hoc
800 1663 1102 1734 approbare
1152 1661 1351 1731 poterit
1400 1669 1459 1716 ut
1490 1671 1545 1717 et
1593 1677 1694 1718 nos
1731 1677 1831 1717 ex—

247 1756 681 1812 communicatis
729 1753 1139 1809 communicare
1179 1752 1494 1820 debeamus,
1541 1768 1668 1808 cum
1713 1768 1840 1809 cos-

246 1848 380 1905 dem
404 1848 721 1903 Palaestinos
742 1848 854 1902 sive
871 1845 1214 1918 publicanos,
1231 1846 1335 1900 etsi
1352 1846 1702 1913 criminosos,
1718 1862 1845 1903 nus-

249 1956 424 2011 quam
514 1948 693 1994 tamen
774 1938 1267 1993 anatliematizatos
1327 1937 1498 1993 fuisse
1574 1940 1840 2011 legamus.

248 2029 461 2100 Nempe
489 2029 653 2094 mali,
689 2029 931 2099 quandiu
969 2043 1076 2082 non
1119 2026 1325 2082 fuerint
1365 2029 1843 2096 excommunicati,

252 2123 471 2177 nullum
492 2121 751 2177 exteriori
779 2119 1167 2176 communione
1192 2120 1579 2188 maculabunt;
1602 2122 1747 2191 quod
1771 2123 1849 2175 in-

251 2216 570 2270 dubitanter
599 2212 827 2280 facient,
858 2221 1146 2284 postquam
1174 2213 1499 2268 sentcntiam
1528 2229 1849 2268 excommu—

254 2308 551 2362 nicationis
580 2323 679 2377 pro
708 2306 823 2362 suis
857 2305 1181 2360 criminibus
1206 2304 1535 2375 judicialiter
1555 2306 1846 2376 excipient.

252 2398 371 2455 Nec
396 2415 498 2457 nos
534 2399 742 2472 utique,
769 2407 829 2453 ut
857 2398 1081 2465 notatis,
1105 2398 1319 2468 penitus
1347 2399 1727 2467 abliorremus,
1751 2413 1850 2470 pro

254 2508 499 2565 quorum
537 2493 916 2559 conversione,
946 2491 992 2545 si
1016 2499 1248 2560 oportet,
1293 2491 1457 2546 etiam
1492 2491 1673 2562 aliqua
1714 2491 1851 2546 dura

256 2586 373 2656 pati
408 2602 518 2640 non
549 2585 885 2656 fugeremus,
922 2583 1012 2637 illa
1043 2591 1223 2636 tamen
1262 2582 1317 2636 in
1357 2583 1556 2653 quibus
1578 2598 1610 2637 a
1636 2582 1852 2639 statutis

257 2686 584 2734 sanctorum
609 2676 835 2731 Patrum
860 2691 965 2729 non
987 2674 1349 2729 deviaremus.
1365 2671 1472 2728 Sed
1493 2682 1547 2729 et
1567 2672 1853 2743 boc,quod

257 2770 488 2843 quidam
514 2768 657 2841 apud
684 2784 785 2823 nos
805 2777 1054 2839 peccant,
1080 2781 1189 2820 non
1212 2766 1606 2837 approbemus;
1636 2766 1767 2833 imo,
1795 2766 1856 2820 in

258 2873 534 2935 quantum
578 2876 893 2932 possumus,
942 2874 1040 2915 eos
1082 2858 1150 2913 ad
1192 2858 1568 2929 paenitentiam
1623 2857 1856 2913 invitare

260 2955 594 3025 satagimus,
618 2968 757 3023 quos
791 2964 1136 3023 nequaquam
1158 2960 1216 3005 ut
1234 2949 1733 3005 exeommunicatos
1758 2949 1855 3005 de-

261 3047 443 3102 vitarc
464 3045 759 3117 jubemur,‘
785 3044 1027 3115 quandiu
1066 3044 1122 3097 in
1163 3042 1433 3099 catholica
1470 3043 1676 3098 unitate
1714 3043 1853 3098 deti-

262 3137 614 3197 nentur.Nee
635 3138 995 3193 christianum
1016 3151 1138 3191 esse
1174 3135 1410 3191 dicimus
1429 3135 1576 3206 quod
1599 3144 1851 3206 peccant:

264 3233 394 3304 plus
431 3240 613 3288 tamen
654 3231 721 3287 de
757 3245 947 3286 eorum
979 3229 1152 3284 salute
1180 3244 1487 3299 speramus,
1530 3244 1693 3299 quam
1742 3228 1789 3284 si
1826 3243 1857 3283 a

264 3340 502 3397 corpore
528 3323 733 3379 Christi
763 3336 858 3379 eos
883 3320 1213 3378 omnimodis
1242 3330 1522 3392 separatos
1545 3336 1665 3376 esse
1690 3322 1860 3376 scire-

266 3435 417 3474 mus.
440 3416 577 3472 Nam
600 3426 654 3472 et
673 3417 916 3471 membra
937 3415 1337 3486 quantumlibet
1356 3414 1593 3482 infirma,
1617 3412 1859 3485 quandiu

268 3511 329 3566 in
358 3525 590 3581 corpore
618 3509 839 3576 fuerint,
885 3507 1101 3563 facilius
1140 3507 1323 3562 curari
1353 3517 1661 3578 sperantur,
1694 3521 1860 3578 quam

268 3604 322 3660 si
350 3605 491 3659 bene
516 3618 649 3658 sana
676 3602 896 3674 penitus
922 3616 953 3656 a
975 3615 1202 3671 corpore
1229 3600 1680 3672 praescindantur.

343 3695 437 3752 VI.
456 3694 678 3752 Scimus
697 3710 828 3749 sane
851 3702 1074 3749 sanctos
1095 3691 1284 3748 Patres
1304 3692 1405 3747 sub
1423 3691 1866 3748 excommunica-

268 3792 426 3847 tione
446 3790 617 3844 multa
640 3787 1007 3859 prohibuisse,
1030 3801 1096 3841 ex
1109 3786 1310 3856 quibus
1336 3783 1392 3839 S.
1414 3784 1705 3857 Gregorius
1726 3802 1864 3856 papa

270 3885 442 3939 etiam
466 3882 651 3937 omnia
685 3880 859 3936 sacris
886 3878 1191 3935 canonibus
1217 3877 1445 3933 adversa
1472 3877 1771 3948 prohibuit.
1806 3877 1865 3932 Si

272 3976 402 4049 quis
433 3984 615 4031 tamen
644 3974 805 4029 modo
832 3971 1037 4043 aliquid
1062 3979 1251 4026 contra
1273 3984 1511 4025 canones
1533 3971 1731 4043 egerit,
1756 3987 1865 4026 non

274 4071 463 4127 statim
492 4069 647 4123 illum
691 4081 792 4137 pro
839 4064 1311 4121 excommunicato
1357 4062 1672 4131 vitabimus,
1716 4072 1869 4119 ante-

275 4178 445 4234 quam
500 4161 556 4215 in
592 4160 746 4215 illum
780 4158 1106 4215 sententiam
1146 4157 1732 4214 excommunicatioms
1773 4173 1868 4214 or-

275 4258 407 4313 dine
424 4253 718 4325 judiciario
742 4252 1007 4324 prolatam
1030 4251 1336 4306 audiamus.
1364 4247 1517 4305 Unde
1545 4250 1736 4306 beatus
1757 4250 1871 4305 Au-

278 4348 537 4422 gustinus
571 4347 627 4400 in
664 4346 804 4400 libro
853 4343 930 4398 De
959 4343 1279 4414 pcenitcntia
1319 4340 1510 4414 (Serm.
1543 4343 1668 4409 551,
1698 4359 1753 4397 n.
1781 4342 1869 4410 10,

1927 456 2116 526 fertur.

2000 543 2111 599 γη.
2153 542 2212 599 1η
2234 544 2426 615 primis
2446 544 2664 616 quidem
2694 543 3022 600 admonendi
3058 555 3184 603 sunt
3205 545 3517 611 criminosi,

1929 646 1989 693 ut
2011 635 2336 707 resipiscant
2359 655 2373 689 :
2399 635 2614 702 deinde,
2638 652 2685 691 SI
2714 634 3032 704 resipiscere
3055 638 3348 703 noluerint,
3359 637 3518 707 juxta

1929 728 2226 782 canonicas
2254 727 2565 782 sanctiones
2599 724 3130 793 exeommunicandi,
3171 736 3227 781 et
3269 736 3402 783 tunc
3425 728 3521 782 de-

1931 835 2083 875 mum
2107 820 2176 874 ab
2198 818 2457 874 omnibus
2478 833 2578 888 pro
2600 816 3087 873 cxcommunicatis
3110 817 3405 872 devitandi.
3430 816 3523 873 Sic

1930 919 1985 966 et
2007 925 2107 964 nos
2127 908 2401 980 quoslibet
2434 908 2730 981 sacrilegos
2760 908 3019 974 vitamus,
3060 919 3350 979 postquam
3402 910 3523 968 illos

1926 1016 1962 1058 a
1985 999 2223 1071 praelatis
2238 998 2354 1055 suis
2366 998 2628 1054 canonice
2649 999 3153 1054 excommunicatos
3166 998 3522 1056 audierimus.

1932 1087 2012 1144 Ita
2054 1098 2110 1144 et
2150 1087 2472 1144 Cuibcrtum
2505 1087 2951 1154 haeresiarcham,
2977 1094 3032 1142 et
3058 1103 3254 1145 omnes
3282 1086 3526 1146 fautores

1932 1180 2074 1251 ejus,
2120 1188 2245 1252 post
2288 1180 2613 1234 sententiam
2655 1179 2979 1235 venerabilis
3027 1195 3181 1252 papae
3219 1180 3469 1252 Gregorii
3505 1182 3526 1237 I

1935 1272 2054 1346 (lib.
2085 1289 2161 1340 v1,
2190 1272 2347 1342 epist.
2377 1270 2467 1342 27)
2493 1271 2805 1327 necessario
2830 1270 3156 1340 devitamus,
3187 1289 3328 1344 quos
3347 1283 3528 1331 tamen

1935 1363 2090 1420 nullo
2122 1363 2289 1417 modo
2310 1377 2410 1433 pro
2431 1362 2920 1419 excommunicatis
2945 1364 3268 1431 vitaremus,
3300 1365 3348 1420 si
3385 1381 3527 1420 non-

1933 1457 2063 1513 dum
2098 1456 2155 1510 in
2184 1455 2309 1511 illos
2329 1455 2615 1525 specialem
2638 1455 2875 1526 aliquam
2899 1457 3528 1513 excommunicationem

1934 1546 2310 1617 depromptam
2342 1560 2815 1616 cognosceremus.
2839 1545 3163 1603 Criminosis
3186 1548 3408 1620 quippe,
3431 1548 3527 1604 sed

1936 1636 2176 1693 nondum
2247 1636 2768 1703 excommunicatis,
2820 1635 2968 1692 licite
3007 1639 3527 1693 communicamus:

1873 1736 1916 1791 Β
1943 1744 2044 1783 nec
2067 1728 2173 1783 hoc
2206 1726 2393 1797 utique
2421 1716 2581 1797 quasi
2609 1726 2731 1781 loco
2760 1735 2954 1780 nostro
2984 1725 3168 1797 (I070)
3194 1737 3249 1782 et
3278 1728 3528 1798 religioni

1943 1819 2316 1892 praecavendo,
2351 1828 2410 1874 ut
2451 1818 2710 1886 scribitis,
2748 1816 3017 1884 facimus;
3059 1817 3153 1872 sed
3190 1818 3372 1889 potius
3411 1818 3531 1875 ideo

1944 1913 2072 1985 quia
2100 1911 2236 1967 nihil
2263 1925 2365 1967 nos
2408 1910 2465 1965 in
2504 1910 2608 1965 hoc
2641 1920 2830 1965 contra
2877 1910 3199 1966 canonicam
3236 1912 3539 1966 auctorita-

1943 2013 2057 2059 tem
2095 2018 2257 2076 agere
2273 2001 2660 2073 cognoscimus
2695 2020 2708 2055 :
2738 2001 2885 2072 quod
2909 2000 3101 2072 procul
3136 2000 3302 2058 dubio
3332 2002 3420 2057 ille
3450 2000 3533 2057 fa-

1945 2098 2020 2154 cit
2050 2099 2364 2170 quicunque
2413 2095 2574 2150 malis
2606 2094 2979 2151 ecclesiastico
3023 2109 3178 2151 more
3220 2110 3534 2152 excommu-

1948 2192 2145 2246 nicatis
2171 2188 2580 2245 communicare
2606 2187 3033 2260 praesumpserit.

2021 2322 2157 2381 γω.
2197 2322 2427 2380 Multum
2448 2336 2668 2395 quoque
2704 2321 2974 2379 miramur
3005 2322 3074 2378 de
3094 2333 3270 2380 vestra
3300 2324 3538 2405 prudent

1951 2414 2046 2483 tia,
2079 2416 2225 2486 quod
2255 2429 2410 2485 reges
2429 2412 2813 2469 ecclesiasticae
2850 2414 3103 2484 potestati
3136 2416 3455 2471 subtrahere
3479 2416 3537 2471 in

1950 2517 2163 2563 tantum
2206 2506 2502 2563 conamini.
2539 2505 2800 2576 Nunquid
2843 2505 3110 2562 Dominus
3152 2516 3339 2563 noster
3379 2508 3539 2565 Jesus

1952 2598 2208 2653 Christus
2230 2597 2437 2667 aliquid
2459 2597 2691 2667 excepit,
2725 2612 2851 2652 cum
2886 2595 2945 2649 B.
2985 2595 3145 2653 Petro
3182 2600 3540 2665 concesserit,

1954 2688 2065 2743 into
2100 2697 2304 2743 sanctae
2336 2687 2594 2743 Ecclesiae
2634 2688 2691 2742 in
2735 2703 2968 2758 persona
3009 2687 3178 2756 Petri,
3202 2688 3356 2759 juxta
3396 2693 3544 2761 quod

1956 2779 2015 2834 Β.
2044 2779 2385 2853 Augustinus
2410 2780 2662 2851 exponit,
2689 2788 2748 2834 ut
2776 2780 2829 2835 in
2862 2780 3002 2836 ccelo
3031 2781 3255 2852 ligatum
3281 2783 3363 2837 vel
3398 2784 3545 2839 solu-

1956 2882 2071 2928 tum
2109 2874 2365 2928 existeret
2386 2873 2753 2943 quodcunque
2794 2872 2911 2942 ipsa
2947 2872 3002 2926 in
3040 2881 3187 2927 terra
3213 2872 3434 2945 ligasset
3464 2874 3546 2929 vel

1958 2964 2243 3022 solvisset?
2268 2964 2487 3036 (Matth.
2527 2980 2639 3031 xvr,
2668 2965 2781 3033 I9.)
2804 2963 2960 3030 Quis,
2983 2963 3227 3034 inquam,
3256 2980 3316 3020 se
3344 2965 3410 3020 de
3436 2974 3547 3022 tam

1882 3081 1924 3139 ς
1959 3060 2252 3115 universali
2287 3067 2555 3130 potestate
2606 3059 2804 3129 poterit
2853 3058 3221 3128 emancipare,
3254 3059 3361 3114 nisi
3405 3059 3547 3116 forte

1882 3186 1913 3209 ο
1956 3153 2047 3207 ille
2077 3153 2170 3222 qui
2204 3153 2388 3223 potius
2431 3151 2536 3210 sub
2576 3150 2862 3223 tyrannide
2905 3150 3110 3206 diaboli
3153 3151 3348 3221 perire,
3382 3168 3548 3223 quam

1957 3245 2061 3301 sub
2083 3245 2236 3300 suavi
2261 3245 2395 3315 jugo
2420 3243 2638 3299 Domini
2663 3258 2893 3314 regnare
2917 3242 3206 3314 delegerit?
3235 3242 3336 3298 Cui
3366 3253 3549 3302 tamen

1958 3336 2065 3391 hoc
2091 3335 2159 3391 ad
2196 3334 2456 3389 miseram
2498 3335 2808 3391 libertatem
2841 3348 2951 3389 non
2978 3331 3251 3403 proderit,
3291 3334 3418 3404 quia
3447 3336 3550 3391 sub

1958 3426 2329 3483 ecclesiastica
2350 3434 2642 3497 potestate,
2672 3425 2776 3482 etsi
2802 3424 3003 3481 nonad
3023 3424 3274 3492 salutem,
3300 3426 3367 3481 ad
3398 3426 3543 3482 dam-

1960 3530 2237 3575 natoncm
2265 3535 2480 3592 semper
2514 3519 2776 3574 manebit.
2806 3517 2948 3590 Ergo
2975 3532 3076 3585 nec
3103 3516 3459 3587 imperatores
3484 3519 3552 3577 de

1962 3610 2065 3666 hac
2115 3619 2380 3682 potestate
2422 3618 2682 3681 poterunt
2714 3624 2776 3666 se
2812 3608 3182 3679 cmancipare,
3230 3606 3293 3662 Β.
3339 3606 3554 3664 Gelasio

1962 3718 2099 3774 papa
2127 3701 2482 3757 Anastasium
2514 3702 2897 3773 imperatorem
2920 3701 2996 3756 ita
3017 3708 3354 3772 protestante
3376 3702 3552 3773 (epist.

1963 3796 2018 3863 8,
2051 3793 2219 3850 Labb.
2252 3803 2291 3849 t.
2316 3792 2408 3862 1V,
2433 3810 2557 3865 pag.
2592 3778 2751 3865 118?.)
2785 3813 2798 3849 :
2830 3793 2951 3848 Duo
2966 3802 3111 3860 sunt,
3140 3794 3428 3864 imperator
3446 3793 3544 3848 Au-

1964 3896 2134 3959 guste,
2159 3887 2346 3958 quibus
2373 3876 2743 3958 principaliter
2770 3886 2856 3940 hic
2878 3887 3104 3940 mundus
3134 3887 3354 3958 regitur,
3375 3896 3554 3942 συείο-

1968 3981 2101 4034 ritas
2134 3988 2349 4033 sacrata
2381 3980 2713 4049 pontiﬁcum,
2750 3989 2802 4049 et
2833 3978 3026 4050 regalis
3052 3988 3319 4049 potestas;
3349 3980 3406 4033 in
3438 3980 3559 4049 qui-

1968 4072 2063 4125 bus
2092 4078 2239 4123 tanto
2260 4072 2472 4141 gravius
2489 4079 2565 4124 est
2584 4068 2788 4140 pondus
2811 4069 3164 4138 sacerdotum,
3188 4077 3385 4142 quanto
3400 4071 3560 4123 etiam

1967 4180 2062 4236 pro
2096 4163 2227 4234 ipsis
2273 4160 2479 4233 regibus
2523 4161 2796 4214 hominum
2825 4162 2882 4215 in
2915 4160 3094 4215 divino
3137 4158 3400 4216 reddituri
3441 4171 3561 4215 sunt

1969 4256 2211 4309 examine
2262 4254 2543 4307 rationem.
2581 4250 2743 4306 Nosti
2784 4251 2945 4318 enim,
2983 4250 3063 4323 ﬁli
3110 4250 3518 4307 clementissime
3551 4295 3561 4307 .

1972 4356 2228 4419 quantum
2251 4344 2375 4399 licet
2398 4344 2685 4415 prwsideas
2710 4343 2941 4397 humano
2971 4343 3147 4415 generi
3173 4343 3455 4415 dignitate,
3488 4350 3544 4395 ta

279 4445 321 4491 ιο
346 4433 412 4488 V-
453 4432 618 4503 OPP-l
647 4451 661 4487 ε
689 4429 742 4485 Ν
745 4449 823 4498 οδ,
858 4432 1063 4501 inquit.
1103 4447 1135 4483 α
1174 4430 1536 4484 communione
1562 4447 1872 4502 quemquam
1905 4455 1951 4514 ι)
1978 4453 2094 4491 men
2120 4435 2437 4508 praesulibus
2474 4435 2778 4489 divinarum
2809 4450 2983 4489 rerum
3024 4434 3239 4489 devotus
3278 4433 3416 4488 colla
3444 4433 3557 4485 sub-

278 4526 556 4599 proltibere
587 4541 690 4579 non
722 4538 1016 4596 possumus,
1054 4523 1158 4577 nisi
1194 4532 1286 4577 aut
1337 4531 1520 4593 sponte
1557 4524 1870 4593 confessum,

283 4631 377 4676 aut
405 4622 466 4674 in
500 4620 680 4691 aliqua
711 4619 817 4673 sive
850 4616 1098 4671 saeculari
1137 4616 1246 4669 sive
1282 4614 1641 4669 ecclesiastico
1661 4615 1872 4685 judicio

285 4716 619 4771 nominatum
667 4720 824 4783 atque
871 4710 1182 4763 convictum.
1225 4705 1303 4762 De
1349 4723 1457 4779 qua
1501 4708 1874 4764 nominatione

286 4807 582 4878 Apostolus
629 4824 642 4860 :
704 4802 763 4859 Si
824 4803 941 4874 quis
999 4802 1169 4873 frater
1216 4802 1520 4855 nominatur
1578 4802 1873 4873 fornicator

287 4899 341 4971 (Ι
367 4900 493 4956 Cor.
529 4901 607 4967 v),
633 4906 688 4952 et
718 4897 949 4966 reliqua,
980 4910 1100 4949 cum
1130 4893 1430 4963 hujusmodi
1456 4908 1547 4947 nec
1584 4892 1759 4948 cibum
1782 4910 1874 4948 su-

286 4993 433 5046 mite.
452 4990 609 5058 Quod
636 4990 828 5044 beatus
850 4986 1188 5059 Augustinus
1205 4985 1380 5056 (serm.
1395 4984 1602 5054 cit.)ita
1622 4986 1872 5056 exponit:

292 5083 725 5140 Nominationem
754 5098 870 5138 eam
897 5079 1127 5151 iutelligi
1150 5077 1313 5133 voluit
1339 5078 1654 5150 Apostolus,
1685 5094 1802 5151 qua:
1823 5081 1877 5134 in

1979 4528 2167 4594 mittis,
2184 4535 2340 4598 atque
2359 4526 2422 4579 ab
2453 4526 2526 4580 eis
2543 4542 2732 4580 causas
2755 4534 2860 4579 tua:
2894 4524 3085 4579 salutis
3111 4533 3403 4596 exspectas.
3430 4521 3566 4575 Hinc

1978 4627 2027 4672 te
2062 4617 2172 4671 illis
2194 4616 2349 4671 subdi
2362 4616 2545 4683 debere
2562 4617 2832 4688 cognoscis
2863 4616 3137 4688 religionis
3161 4618 3346 4670 ordine
3369 4614 3570 4684 potius,

1975 4728 2136 4785 quam
2164 4727 2385 4783 praesse
2422 4727 2441 4766 :
2468 4713 2609 4766 inter
2638 4712 2751 4767 Iure
2791 4726 2856 4764 ex
2895 4708 3111 4764 illorum
3148 4718 3196 4764 te
3229 4707 3454 4781 pendere
3480 4706 3566 4777 ju-

1973 4806 2137 4874 dicio,
2178 4822 2280 4861 non
2295 4805 2420 4860 illos
2448 4803 2576 4859 velle
2601 4804 2671 4858 ad
2703 4814 2850 4858 tuam
2886 4804 3053 4874 redigi
3088 4803 3431 4857 voluntatem.

2047 4896 2140 4953 IX.
2181 4895 2295 4954 Ilac
2336 4896 2501 4968 igitur
2532 4904 2800 4965 potestate
2829 4893 2890 4949 Β.
2927 4893 3276 4951 Innocentius
3313 4903 3455 4963 papa
3480 4886 3590 4941 Ar-

1976 4991 2198 5051 cadium
2232 4991 2622 5062 imperatorem
2665 4988 3115 5044 excomunicasse
3145 4986 3348 5060 legitur
3373 4978 3599 5053 (1071),

1981 5085 2117 5154 quia
2138 5083 2417 5143 consensit
2451 5089 2512 5137 ut
2561 5077 2620 5134 S.
2651 5080 2894 5136 Joannes
2916 5078 3353 5148 Chrysostomus
3388 5087 3420 5126 a
3460 5072 3611 5128 sede
