3986 5312
487 256 514 312 1
525 255 627 312 29.3

1476 247 1570 302 AD
1606 245 1836 304 OPERA
1871 245 1928 302 S.
1969 237 2302 302 GREGORII
2337 239 2784 298 APPENDICES.

3617 234 3754 292 122$

427 381 434 387 '
477 387 578 430 sua
617 367 928 442 pelleretur.
954 365 1088 421 ltem
1129 365 1188 420 Β.
1222 362 1480 420 Nicolaus
1509 379 1650 435 papa
1682 362 1703 417 1
1739 361 2062 417 Lotharium
2091 361 2139 418 Α
2165 357 2418 430 qumlibet
2447 354 2782 410 monasteria
2827 367 2942 409 suae
2974 350 3232 424 potestati
3257 348 3542 408 vindicare
3569 350 3757 412 valeat,

474 480 678 537 regem,
700 479 732 518 a
758 476 869 533 quo
895 458 1250 529 Lotharingia
1281 457 1720 529 cognominatur.
1749 467 2066 510 excommu-

473 557 698 623 nicavit,
721 569 788 610 eo
811 553 958 624 quod
987 551 1266 622 prOpriam
1295 565 1520 605 uxorem
1545 564 1645 620 pro
1665 549 1902 620 quadam
1929 561 2066 602 con-

428 667 434 674 '
471 648 668 705 cubina
696 645 1058 717 repndiaverit
1089 641 1294 715 (1072).
1331 641 1436 697 Sed
1463 651 1516 698 et
1555 641 1827 697 inferioris
1859 637 2068 696 ordinis

425 745 429 748 ’
469 740 709 813 episcopi
759 739 1116 809 imperatores
1147 744 1202 792 et
1240 751 1396 807 reges
1438 735 1949 791 excommunicasse
1995 732 2069 789 le.

469 839 704 904 guntur;
761 837 986 885 sanctus
1045 827 1192 884 enim
1255 827 1583 884 Ambrosius
1645 824 2066 882 Mediolanensis

467 923 756 994 episcopus
777 920 1040 992 majorem
1053 917 1424 974 Theodosium
1448 919 1889 990 imperatorcmm
1903 932 2067 973 exco-

429 1030 438 1038 '
466 1013 801 1079 municasse,
833 1021 887 1068 et
915 1019 1041 1086 post
1067 1010 1502 1067 satisfactionem
1526 1010 1910 1066 reconciliasse
1930 1009 2066 1082 legi-

467 1115 579 1162 tur.
609 1104 739 1160 ltem
767 1103 824 1159 S.
857 1102 1164 1160 Germanus
1209 1101 1550 1158 Parisiorum
1585 1102 1874 1172 cpiscopus
1906 1099 2063 1156 Heri-

427 1197 684 1253 ‘bertum
731 1195 914 1268 (1075)
959 1211 1141 1267 regem
1191 1193 1528 1249 Francorum
1580 1193 1791 1248 libidini
1821 1193 2063 1248 debitum

385 1315 400 1328 ~
465 1288 978 1356 cxcommunicavit,
991 1287 1148 1358 quiet
1163 1285 1235 1341 ita
1249 1285 1754 1341 cxcommunicatus
1766 1285 1908 1340 diem
1921 1286 2066 1340 clau-

467 1381 540 1437 sit
583 1390 908 1436 extremum.
953 1379 1294 1436 Generaliter
1335 1379 1498 1434 etiam
1526 1376 1586 1432 Β.
1622 1377 1898 1434 Adrianus
1924 1393 2062 1450 papa

466 1471 656 1543 (1074)
707 1487 906 1539 omnes
959 1487 1115 1543 reges
1168 1469 1694 1537 excommunicavit,
1747 1470 2064 1541 quicunque

466 1566 782 1636 apostolicae
803 1565 948 1621 sedis
971 1572 1172 1620 statuta
1193 1563 1399 1618 violare
1421 1563 1890 1633 praesumpserint.
1925 1560 2063 1616 San-

433 1665 589 1713 ‘ctus
611 1673 830 1728 quoque
857 1655 1154 1728 Gregorius
1179 1671 1315 1727 papa
1353 1655 1592 1711 decrevit
1615 1654 1800 1728 (1075)
1827 1663 1886 1710 ut
1905 1669 2062 1727 reges

2171 459 2232 505 nt
2252 465 2362 505 non
2386 448 2644 520 episcopo
2665 446 2921 513 civitatis,
2954 446 3050 502 sed
3073 444 3391 516 apostolicae
3411 442 3532 498 sedi
3547 442 3761 512 specia-

2167 544 2292 600 liter
2321 543 2644 614 subiaceant
2672 541 2878 614 (1077).
2923 539 3034 598 Nec
3059 541 3336 597 miremini
3379 541 3428 597 si
3479 538 3760 594 monachis

2167 637 2342 693 nostri
2371 636 2635 706 temporis
2661 633 2898 690 cilicium
2938 633 3344 706 praedicationis
3385 648 3500 688 non
3543 631 3762 686 omnino

2167 729 2576 798 intercluditur,
2604 739 2667 784 ut
2700 727 2960 799 antiquis,
2993 728 3062 783 de
3089 727 3290 799 quibus
3315 725 3763 782 Chalcedonam:

2166 822 2460 880 concilium
2482 831 2537 878 et
2569 821 2628 878 S.
2661 820 2773 877 Leo
2799 837 2939 892 papa
2971 819 3336 892 scripserunt;
3375 835 3510 874 nam
3565 819 3647 874 illi
3679 833 3764 876 ee-

2165 915 2503 972 clesiasticos
2533 914 2754 970 ordines
2790 929 2902 969 non
2946 912 3276 980 habuerunt,
3327 922 3390 968 ut
3441 929 3513 967 ex
3552 913 3764 970 statutis
3796 897 3804 904 ’

2165 1009 2410 1079 ejusdem
2441 1008 2656 1066 concilii
2699 1007 3008 1078 conjectare
3035 1021 3351 1078 possumus.
3394 1003 3457 1060 In
3493 1005 3586 1060 his
3624 1005 3761 1061 enim

2165 1103 2524 1173 aquuantur
2543 1101 2720 1169 laicis,
2747 1117 2874 1158 cum
2898 1115 2998 1172 pro
3011 1107 3325 1170 contemptu
3346 1114 3636 1154 canonum
3659 1115 3762 1155 non

2164 1195 2532 1268 degradentur
2583 1203 2644 1250 ut
2683 1193 2900 1260 clerici,
2959 1194 3056 1249 sed
3104 1193 3665 1249 excommunicentur
3707 1204 3764 1248 ut

2164 1285 2288 1344 laici
2315 1307 2328 1343 :
2353 1289 2498 1360 quod
2534 1287 2721 1360 utique
2751 1301 2862 1342 non
2885 1287 3058 1354 iteret,
3096 1287 3144 1342 si
3177 1286 3592 1342 ecclesiasticos
3618 1285 3762 1340 ordi-

2163 1395 2262 1436 nes
2286 1381 2579 1449 haberent;
2625 1396 2754 1436 nam
2793 1395 3033 1436 canones
3053 1378 3380 1452 praecipiunt
3435 1388 3501 1434 ut
3532 1379 3765 1436 ordinati

2162 1489 2264 1545 pro
2303 1475 2481 1545 culpis
2516 1473 2633 1530 suis
2661 1473 3044 1546 degradentur,
3090 1485 3202 1528 non
3231 1482 3416 1528 autem
3445 1488 3765 1529 excommu-

2163 1566 2433 1622 niccntur.
2457 1565 2702 1622 Moderni
2726 1575 2908 1621 autem
2929 1555 3336 1621 monachicum
3360 1565 3762 1623 ecclesiasticos

2163 1660 2385 1716 ordines
2431 1660 2696 1727 habeant,
2733 1659 2858 1730 quis
2889 1659 3119 1713 inticiari
3153 1667 3331 1729 potest
3365 1658 3504 1730 quin
3547 1674 3764 1714 eorum-

465 1761 496 1804 a
529 1749 645 1806 suis
670 1749 1026 1822 dignitatibus
1055 1749 1332 1816 caderent,
1361 1757 1412 1802 et
1432 1746 1848 1818 participatione
1867 1761 2062 1817 corpo—
2095 1725 2138 1781 Β
2161 1751 2284 1808 dem
2321 1752 2589 1824 graduum
2637 1750 2834 1820 oﬂicia,
2863 1767 2989 1806 cum
3023 1751 3343 1822 iubeantur,
3381 1766 3648 1806 exercere
3671 1765 3760 1806 va-

467 1841 546 1897 ris
576 1847 632 1897 et
657 1842 938 1914 sanguinis
973 1839 1184 1896 Domini
1215 1849 1484 1905 carerent,
1509 1839 1554 1894 si
1581 1839 1725 1894 sedis
1750 1839 2064 1911 apostolicae

424 1923 434 1939 ’
463 1935 681 1992 decreta
711 1941 1058 1989 contemnere
1079 1940 1476 2004 praesumerent
1507 1930 1711 2004 (1076).

429 2018 438 2024 ’
535 2025 612 2083 De
638 2027 739 2081 hac
760 2041 890 2097 ergo
915 2027 1271 2098 praerogativa
1296 2025 1682 2082 ecclesiastica:
1707 2022 1992 2095 potestatis
2013 2022 2062 2079 si

431 2113 612 2175 ‘aliud
642 2119 1030 2174 documentum
1077 2135 1186 2174 non
1232 2119 1578 2184 haberemus,
1629 2118 1772 2174 istud
1815 2117 2063 2174 sulliccrc

465 2212 628 2268 nobis
657 2212 883 2286 deberet
919 2213 1062 2284 quod
1102 2221 1211 2268 tam
1246 2222 1466 2269 sanctos
1512 2212 1662 2268 viros
1699 2212 1847 2266 illam
1897 2227 2062 2282 super

465 2318 624 2376 reges
651 2312 706 2359 et
731 2305 1088 2376 imperatores
1106 2305 1418 2361 exercuisse
1439 2303 1668 2376 legimus
1694 2322 1708 2360 :
1740 2305 1886 2375 quod
1909 2303 2062 2361 nullo

470 2397 638 2453 modo
664 2395 926 2464 facerent,
957 2399 1006 2453 si
1039 2413 1148 2453 non
1178 2398 1284 2454 hoc
1317 2413 1376 2454 se
1409 2399 1672 2454 canonice
1691 2413 1856 2468 posse
1885 2397 2063 2454 facere

465 2497 881 2562 cognoscerent.
923 2489 1066 2557 Quid
1101 2498 1282 2546 autem
1313 2491 1514 2546 mirum
1555 2491 1701 2562 quod
1734 2499 1923 2546 sancta
1955 2489 2061 2546 Ec-

465 2583 634 2639 clesia
657 2583 948 2640 saeculares
976 2583 1271 2654 principes,
1313 2592 1504 2654 utpote
1533 2584 1782 2640 membra
1812 2599 1932 2650 sua,
1966 2584 2060 2656 ju-

465 2676 654 2734 dicare
679 2686 878 2747 potest,
911 2693 1056 2748 quaz,
1093 2677 1249 2749 juxta
1276 2677 1620 2749 Apostolum,
1645 2665 1808 2735 etiam
1840 2679 2063 2750 angelos

469 2766 848 2825 indubitanter
885 2770 1197 2840 iudicatura
1239 2771 1356 2827 est?
1394 2770 1648 2838 Nescitis,
1691 2771 1887 2842 inquit,
1933 2789 2064 2844 quo-

464 2858 614 2912 niam
637 2858 850 2930 angelos
865 2859 1272 2928 judicabimus?
1306 2870 1506 2931 quanto
1532 2861 1702 2932 magis
1738 2861 2022 2917 stvcularia
2038 2865 2064 2918 ?

469 2949 526 3024 (I
555 2951 678 3008 Cor.
711 2952 814 3024 γι.)
842 2950 1198 3024 Nequaquam
1223 2968 1358 3024 ergo
1381 2969 1537 3026 reges
1558 2953 1672 3008 sive
1703 2953 2062 3024 imperatores
2121 2953 2124 2956 ’

2161 1843 2327 1910 leant,
2351 1843 2654 1914 prtesertim
2683 1859 2809 1898 cum
2851 1841 2907 1897 in
2945 1842 3294 1914 perceptione
3319 1843 3758 1899 consecrationis

2161 1934 2298 1991 nihil
2323 1934 2527 1989 distent
2552 1950 2582 1988 a
2615 1933 2866 1990 clericis?
2895 1933 3003 1989 Aut
3027 1947 3160 2005 ergo
3181 1933 3601 1990 ecclesiasticos
3640 1949 3758 2006 gra-

2161 2028 2266 2084 dus
2299 2027 2410 2083 illis
2445 2027 2666 2098 penitus
2695 2026 2959 2094 adimitis,
2983 2035 3078 2082 aut
3100 2027 3642 2082 administrationem
3667 2043 3760 2082 eo-

2161 2102 2408 2172 rumdem
2430 2117 2699 2190 graduum
2716 2117 2796 2173 eis
2810 2117 3168 2173 intercludere
3183 2133 3292 2172 non
3305 2117 3542 2187 potestis
3558 2115 3756 2187 (1078).

2161 2205 2402 2264 Nimium
2423 2209 2585 2265 etiam
2611 2224 2710 2279 pro
2751 2209 3007 2279 episcopo
3033 2217 3219 2263 vestro
3245 2206 3434 2280 (1079)
3471 2207 3684 2273 zelatis,
3715 2207 3758 2262 si

2125 2320 2130 2328 ’
2161 2301 2286 2375 plus
2319 2303 2422 2358 sibi
2453 2317 2618 2373 quam
2644 2301 2958 2372 apostolicae
2989 2301 3104 2358 sedi
3133 2301 3506 2356 obediendnm
3538 2298 3756 2370 putatis,

2162 2393 2251 2448 cui
2299 2400 2354 2447 et
2397 2407 2495 2446 vos
2534 2392 2851 2446 necessario
2878 2390 3000 2462 plus
3037 2405 3202 2462 quam
3234 2389 3465 2460 proprio
3508 2391 3758 2460 episcopo

2163 2485 2448 2552 obedietis,
2473 2485 2518 2540 si
2537 2485 2691 2556 juxta
2716 2484 2774 2540 S.
2803 2483 3126 2558 Gregorium
3148 2485 3226 2540 rei
3247 2485 3760 2556 apostolicaaaucto-

2162 2579 2341 2635 ritatis
2371 2593 2494 2634 esse
2516 2593 2626 2633 non
2653 2578 2838 2632 vultis.

2231 2691 2324 2748 XI.
2363 2689 2518 2760 Hoc,
2571 2690 2720 2762 quod
2778 2690 3070 2761 Apostolus
3120 2691 3388 2762 quosdam
3441 2691 3756 2748 novissimis

2161 2783 2502 2856 temporibus
2529 2798 2560 2838 a
2592 2783 2697 2837 lide
2743 2782 3084 2840 discessuros
3116 2781 3280 2854 (Tim.
3309 2799 3386 2850 iv,
3414 2784 3468 2854 1)
3495 2784 3752 2854 praedicit,

2162 2893 2274 2934 non
2309 2877 2584 2950 aliquibus
2598 2875 2918 2943 Catholicis,
2953 2877 3045 2932 sed
3085 2875 3421 2946 quibuslibet
3441 2892 3756 2933 excommu-

2163 2971 2360 3027 nicatis
2403 2970 2798 3040 competentius
2845 2969 3224 3038 ascriberetis,
3273 2971 3369 3041 qui
3420 2971 3756 3026 attendenws

466 3046 842 3102 ecclesiastico
861 3045 1072 3116 judicio
1085 3045 1368 3117 subiacere
1389 3046 1798 3119 denegabimus,
1820 3045 1867 3102 si
1891 3061 2057 3102 evan-

2166 3065 2439 3136 spiritibus
2462 3063 2668 3120 erroris
2688 3072 2741 3118 ct
2774 3063 3043 3119 doctrinis
3066 3064 3469 3120 daemoniorum
3497 3055 3537 3120 ia
3566 3065 3754 3120 catho-

467 3139 654 3209 gelicis
689 3148 743 3194 et
775 3139 1093 3210 apostolicis
1124 3139 1503 3197 sanctionibus
1530 3141 1749 3197 credere
1783 3148 1838 3196 et
1869 3155 2094 3198 assa-0

467 3231 570 3289 tire
590 3232 946 3288 voluerimus.

541 3323 609 3379 Χ.
649 3323 890 3380 Nimium
936 3335 1118 3382 autem
1152 3327 1206 3380 in
1249 3327 1433 3382 verbis
1473 3327 1735 3383 excedere
1778 3327 2058 3397 videmini,

465 3434 597 3475 cum
625 3419 911 3490 religiosos
941 3418 1248 3474 confratres
1271 3429 1494 3476 nostros
1513 3419 1716 3476 Judaeis
1744 3437 2062 3492 comparare

465 3511 776 3578 conemini;
811 3511 908 3580 qui
946 3511 1172 3568 minime
1211 3528 1336 3566 cum
1363 3511 1565 3567 Judaeis
1597 3521 1656 3566 ut
1693 3511 1948 3570 Christus
1975 3517 2061 3570 in-

471 3605 772 3660 terﬁciatur
803 3604 1074 3672 clamant,
1099 3605 1194 3660 sed
1218 3614 1278 3660 ιιι
1304 3605 1438 3661 fides
1473 3606 1595 3676 ejus
1623 3606 1678 3660 in
1710 3609 1968 3665 cordibus
1995 3611 2061 3666 1i-

471 3697 675 3754 delium
702 3697 1009 3764 roboretur,
1043 3706 1099 3753 et
1141 3713 1172 3752 a
1197 3699 1451 3770 contagio
1483 3700 1845 3756 anathematis
1878 3702 2063 3758 defen-

469 3791 639 3847 datur
681 3799 960 3862 exoptant.
1003 3791 1071 3846 Et
1110 3801 1430 3862 nos'uthue
1467 3807 1716 3850 sanctmn
1759 3795 2062 3852 Chalcedo-

473 3899 644 3942 nense
673 3885 967 3940 concilium
993 3900 1340 3952 veneramur,
1365 3885 1512 3958 quod
1539 3895 1720 3943 tamen
1751 3889 2064 3959 apostolicae

469 3977 723 4051 dignitati
755 3979 843 4034 vel
875 3976 1185 4034 auctoritati
1225 3979 1378 4035 nullo
1401 3981 1566 4036 modo
1593 3982 1900 4051 praescribit
1927 3982 2060 4054 quin

475 4134 915 4210 lisgAlgexander,
940 4135 1078 4210 Hist.
1118 4137 1312 4194 eccles.
1344 4153 1472 4210 saec.
1506 4155 1578 4206 ιν,
1624 4155 1745 4210 cap.
1793 4140 1848 4208 2,
1889 4149 1994 4198 art.
2030 4143 2054 4198 1

474 4204 968 4281 Ἶὶάκξιιεὶξ-Βιέν.
998 4208 1156 4263 Rom.
1182 4209 1373 4281 pontif.
1413 4219 1542 4281 tom.
1567 4204 1610 4276 Ἰ,
1636 4204 1846 4281 ρ.’157.
1966 4262 1970 4269 .

528 4278 741 4354 ,(1072)
772 4278 1398 4354 γωρμςρίειριίιᾟίφιιιὶ
1428 4280 1448 4334 I
1477 4281 1543 4354 ad
1567 4278 1821 4354 Carolina
1857 4298 2059 4354 regem,

473 4347 644 4406 Labb.
671 4347 806 4405 tom.
847 4347 985 4416 Vlll,
1003 4367 1056 4422 p.
1083 4351 1208 4417 502,
1235 4351 1326 4405 ubi
1350 4351 1588 4420 pontilex
1615 4347 1944 4407 Lothariuni
1961 4347 2060 4410 ceu

457 4422 1004 4508 excommunicatum
1027 4439 1068 4508 ai
1093 4437 1154 4478 se
1188 4423 1376 4504 haberi
1400 4431 1650 4508 testatur.
1675 4422 1944 4505 Caeterum
1971 4442 2065 4508 ea:
2097 4455 2141 4508 ι)

456 4491 598 4548 adem
630 4492 742 4548 fere
773 4493 1017 4563 exempla
1053 4493 1196 4548 hanc
1216 4493 1278 4563 in
1323 4508 1436 4548 rem
1475 4493 1531 4548 in
1563 4493 1834 4550 Chronico
1863 4511 1965 4551 suo
1994 4496 2063 4551 ad

475 4578 605 4618 ann.
635 4563 770 4617 1077
793 4562 1010 4618 adducit
1039 4563 1180 4618 idem
1211 4562 1511 4620 Bernoldus
1547 4565 1778 4620 auctior.

549 4632 730 4707 (1075)
772 4631 878 4688 Seu
905 4633 1316 4707 Qhariberthn,
1341 4635 1480 4706 apud
1509 4633 1828 4707 Gregorium
1855 4633 2061 4691 'I‘uron.

470 4701 614 4760 HiSt.
648 4701 865 4770 Franc.,
905 4704 1000 4759 lib.
1035 4720 1108 4772 IV,
1133 4719 1181 4758 c.
1207 4705 1296 4759 26.
1326 4752 1332 4757 .

546 4775 730 4846 (1074)
767 4773 944 4848 Capit.
979 4775 1070 4848 80.
1111 4774 1309 4848 Labb.,
1337 4782 1392 4848 At.
1437 4773 1522 4842 Vl,
1559 4791 1682 4848 pag.
1715 4776 1886 4844 1858;
1923 4775 2064 4832 Gra-

465 4843 636 4910 .tiaii.,
667 4843 820 4899 caus.
846 4843 936 4910 9.5,
961 4862 1014 4916 q.
1052 4847 1102 4912 1,
1134 4861 1256 4901 can.
1291 4846 1377 4900 1-1.

553 4914 730 4934 [ιη’-μη
775 4912 837 4934 Ι.-
963 4917 1010 4934 ει
1142 4915 1174 4934 n
1243 4915 1278 4934 ﬁ

627 4914 730 4934 νηιβί
775 4914 837 4934 ΙΑ-
963 4914 1010 4934 “I
1065 4931 1094 4933 η.
1142 4915 1174 4934 (Ἴ
1243 4915 1278 4934 Α
1394 4931 1405 4934 -
1449 4916 1461 4928 ⁸
1611 4932 1616 4933 ν
1669 4916 1682 4928 ⁸
1720 4925 1732 4934 ι
1787 4915 1852 4934 οη
1911 4917 1925 4934 I

2161 3157 2266 3213 lica
2309 3157 2515 3211 unitate
2549 3155 2604 3210 in
2634 3171 2832 3211 manus
2875 3153 3092 3211 Satanze
3119 3155 3514 3212 discesserunt.
3554 3156 3752 3212 Horum

2161 3253 2458 3310 crudelitas
2495 3251 2820 3323 jamdudum
2876 3251 3135 3318 excrevit,
3183 3259 3246 3306 ut
3288 3261 3482 3307 sancta
3521 3251 3756 3308 Ecclesia

2161 3353 2350 3400 contra
2374 3357 2568 3399 eorum
2603 3340 3010 3396 infestationem
3044 3341 3374 3398 militaribus
3411 3344 3636 3399 auxiliis
3660 3360 3757 3399 saa-

2161 3436 2386 3507 pissime
2407 3435 2638 3506 eguerit,
2689 3450 2790 3490 nec
2815 3435 2932 3490 sine
2955 3435 3239 3506 sanguinis
3279 3435 3549 3490 ell'usione
3573 3437 3641 3491 de
3661 3452 3752 3492 eo-

2161 3543 2284 3582 rum
2316 3527 2600 3600 tyrannide
2627 3527 2848 3582 libcrari
2890 3525 3145 3596 potuerit.
3178 3525 3441 3582 Militares
3479 3543 3638 3599 ergo,
3665 3527 3751 3599 qui

2163 3637 2225 3678 ea
2263 3621 2586 3676 necessitate
2612 3621 2849 3691 aliquem
2871 3619 3406 3675 excommunicatum
3436 3621 3748 3702 occiderint,

2163 3714 2430 3785 compulsi
2454 3721 2602 3781 sunt,
2629 3725 2683 3768 et
2717 3714 2820 3769 hoc
2847 3727 2956 3768 non
2985 3722 3098 3768 tam
3131 3729 3232 3785 pro
3264 3731 3323 3771 se
3347 3732 3520 3787 quam
3543 3731 3646 3788 pro
3669 3733 3751 3772 cc-

2163 3809 2470 3866 clesiastica
2492 3806 2808 3863 defensione
2845 3805 3116 3874 fecerunt,
3149 3817 3203 3862 et
3237 3808 3392 3863 nullo
3425 3810 3593 3864 modo
3617 3811 3749 3864 dam-

2163 3898 2440 3954 nationem
2471 3897 2634 3970 primi
2661 3897 2956 3954 l'ratricidte
2993 3897 3128 3954 Cain
3155 3898 3209 3954 in
3249 3900 3356 3958 hoc
3389 3902 3749 3972 promeruisse

2161 3991 2436 4059 videntur,
2465 3991 2560 4062 qui
2568 3989 2726 4061 juxta
2751 3988 3017 4046 Joannem
3045 4009 3059 4046 ε
3085 3989 3168 4047 Ex
3194 3990 3432 4064 uitiligine
3456 4003 3574 4049 erat
3591 4003 3640 4048 et
3665 4010 3748 4047 oc-

2163 4145 2308 4218 regis
2353 4144 2750 4218 depositionem
2779 4145 3480 4218 elamitarentgadversarii,
3527 4158 3686 4218 atque
3720 4163 3748 4203 ι

2166 4213 2370 4286 Spiritu
2396 4213 2670 4286 Evangelii
2701 4224 2758 4270 et
2783 4225 3096 4291 sanctorum
3113 4215 3372 4291 Patrum,
3403 4213 3474 4273 ad
3495 4213 3638 4291 quos
3672 4221 3752 4275 hic

2163 4295 2522 4358 provocatur,
2549 4301 2776 4358 prorsus
2795 4287 3030 4358 alienam
3058 4287 3159 4342 :dc
3185 4303 3299 4358 quo
3320 4289 3438 4358 jam
3473 4287 3531 4344 in
3563 4290 3752 4346 01w-

2167 4356 2483 4428 vationibus
2511 4357 2745 4427 praeviis,
2785 4356 2922 4428 §2i,
2952 4373 3128 4427 seqq.,
3151 4356 3381 4414 dictum.

2239 4427 2420 4501 (1077)
2445 4426 2575 4501 dam
2605 4428 2656 4501 in
2685 4426 3235 4501 conciiioArelatensi
3259 4446 3391 4484 ann.
3412 4431 3541 4484 453.
3567 4429 3750 4501 (Labb.

2172 4507 2210 4553 t.
2237 4497 2330 4564 IV,
2350 4497 2408 4568 p.
2436 4499 2596 4568 1024)
2619 4499 2686 4552 de
2707 4499 3042 4552 monasterio
3065 4497 3347 4554 Lerinensi
3387 4497 3654 4556 statutum
3677 4510 3754 4556 est

2173 4576 2253 4635 ut,
2275 4569 2516 4640 exceptis
2537 4569 2992 4640 ordinationibus,
3030 4570 3199 4624 omnis
3225 4569 3374 4626 illius
3405 4572 3552 4626 laico
3577 4572 3750 4625 inulti-

2174 4640 2300 4692 tudo
2327 4639 2396 4693 ad
2413 4638 2601 4712 turam
2631 4638 2836 4712 abbatis
2857 4640 3136 4708 pertineat,
3153 4656 3326 4712 neque
3350 4659 3416 4696 ex
3437 4659 3504 4697 ra
3523 4643 3626 4696 sili
3647 4644 3754 4712 epi-

2171 4725 2358 4782 scopu_s
2384 4710 2669 4782 quidquam
2692 4711 2938 4782 uindicet,
2979 4717 3072 4763 aut
3107 4710 3340 4782 aliquem
3379 4728 3445 4767 ex
3472 4712 3573 4768 illa
3601 4710 3753 4766 cleri-

2170 4779 2290 4834 cum
2316 4779 2645 4844 facere,rnisi
2671 4780 2860 4834 abbate
2877 4789 3098 4850 petente,
3121 4779 3436 4850 praesumat.
3462 4781 3583 4836 Hoc
3600 4785 3751 4850 vitim,

2171 4852 2378 4934 addunt
2401 4843 2612 4934 lintres,
2641 4859 2694 4934 et
2718 4843 2950 4934 rationis
2967 4860 3017 4906 et
3041 4843 3308 4934 religionis
3337 4853 3554 4934 plenum
3575 4843 3672 4919 est',
3700 4843 3752 4905 ut
