3986 5312
184 282 337 355 te‘es
1093 298 1378 357 APPEND.
1422 298 1508 356 ιιι.
1550 332 1620 342 -
1659 300 2095 358 MONUMENTA
2133 302 2599 359 CREGORIANA.
3328 301 3465 360 {226

183 412 323 468 cidit
354 411 573 483 fratrem
589 430 745 468 suum
764 423 848 470 :et
877 425 1097 493 propter
1119 416 1246 487 quid
1278 418 1787 491 occiditcumhuia

1900 434 2024 489 papa
2055 419 2231 489 (epist.
2259 419 2351 485 22,
2381 435 2434 473 n.
2464 418 2521 487 ὅ)
2550 437 2561 471 :
2592 415 2718 483 Qui,
2743 417 2940 487 inquit,
2984 419 3229 473 honorem
3263 423 3468 493 amisit,

184 521 349 575 opera
372 506 486 575 ejus
507 506 744 578 maligna
756 519 931 575 erant,
956 488 1145 580 fratris
1174 488 1522 568 autemliusta
1544 511 1595 584 (Ι
1612 488 1773 568 Joan.
1879 488 2129 563 honorem
2161 510 2291 563 dare
2325 525 2429 562 non
2456 517 2646 579 potest.
2676 506 2742 563 Et
2768 518 2893 578 post
2917 524 3091 579 pauca
3113 530 3126 565 :
3146 488 3455 568 Damnatio:

188 596 313 665 ut);
344 597 545 668 quippe
567 614 668 668 pro
694 599 898 655 invidia
939 600 1140 657 occidit
1158 616 1305 661 eum.
1334 603 1427 663 Isti
1470 610 1654 659 autem
1680 618 1781 660 nec

1900 615 1995 653 tem
2025 614 2147 669 ergo
2182 615 2337 669 quam
2380 599 2588 665 habuit,
2618 615 2711 669 per
2735 615 2955 669 pravam
3003 617 3189 656 manus
3243 604 3473 674 imposi-

184 689 447 745 inimicos
476 691 723 747 occidere
743 694 961 761 vellent,
989 694 1037 750 si
1070 694 1180 750 alio
1206 693 1372 750 modo
1397 702 1646 753 sanctam
1670 711 1786 751 ma-
1883 691 2077 745 tionem
2102 691 2268 745 dedit.
2303 689 2435 745 Item
2474 690 2532 745 S.
2560 690 2672 747 Leo
2694 706 2832 761 papa
2859 690 3028 746 Leoni
3059 691 3307 764 Augusto
3332 697 3441 751 seri
3459 725 3473 739 -

181 789 328 839 trem
353 781 652 840 Ecclesiam
678 794 871 841 contra
901 785 1181 858 improbos
1204 785 1497 843 defendere
1534 794 1779 858 possent.

182 873 258 929 Et
300 875 356 929 in
403 875 510 931 hoc
542 877 665 947 ipso
688 879 907 948 negotio
945 879 1111 935 etiam
1155 878 1406 949 proprias
1445 879 1657 935 animas
1683 893 1783 950 pro

183 965 456 1024 fratribus
478 978 708 1041 ponunt,
742 986 883 1042 quos
906 986 1003 1043 per
1033 971 1639 1027 excommunicatorum
1660 972 1783 1027 vio-

183 1060 414 1116 lentiam
434 1062 490 1116 in
511 1062 695 1119 anima
716 1071 771 1119 et
790 1063 845 1118 in
862 1078 1095 1134 corpore
1106 1063 1402 1135 periclitari
1424 1064 1780 1136 perspiciunt.

182 1150 549 1225 Nequaquam
592 1171 724 1229 ergo
760 1172 858 1212 eos
888 1156 1285 1213 nefandissimo
1314 1155 1610 1213 fratricida:
1647 1156 1785 1213 Cain

182 1249 654 1317 comparabimus,
683 1248 732 1305 si
751 1250 898 1321 iuste
916 1249 1165 1320 judicare
1185 1249 1542 1305 voluerimus.
1569 1248 1786 1307 Scimus

182 1338 431 1407 quidem,
458 1339 809 1397 homicidium
834 1342 889 1397 in
913 1341 970 1397 S.
998 1341 1280 1412 Scriptum
1300 1342 1665 1413 prohibitum;
1691 1342 1787 1399 sed

182 1429 298 1484 hoc
321 1430 546 1487 minime
583 1432 660 1487 ita
707 1430 1008 1505 intelligere
1037 1434 1323 1500 debemus,
1354 1443 1415 1493 ut
1459 1433 1701 1490 Phineen
1733 1443 1791 1491 et

184 1520 366 1576 Eliam
399 1531 454 1577 et
500 1524 720 1592 zelotes,
760 1526 1010 1596 aliosque
1044 1534 1267 1582 sanctos
1295 1525 1506 1592 Patres,
1538 1525 1631 1597 qui
1670 1526 1787 1582 zelo

184 1611 288 1669 Dei
317 1615 519 1671 multos
540 1616 877 1684 occiderunt,
907 1618 1246 1673 damnationi
1269 1618 1670 1674 homicidarum
1694 1618 1788 1674 ob-

184 1705 388 1761 noxios
415 1709 881 1778 esseiudicemus.
930 1709 1222 1780 Nunquam
1246 1710 1394 1765 enim
1423 1710 1479 1764 in
1519 1725 1587 1767 eo
1606 1710 1785 1766 delin-

1880 781 2017 837 hens
2044 782 2113 837 de
2144 782 2382 852 quodam
2412 782 2703 839 Timotheo
2721 782 2929 856 (l080')
2957 784 3215 841 damnato
3244 788 3473 861 ejusque

1882 873 2232 943 sequacibus,
2261 875 2446 931 omnia
2496 885 2839 932 sacramenta
2882 892 2941 932 se
2974 892 3165 933 eorum
3194 880 3474 951 sacrilegis

1885 965 2139 1021 manibus
2164 966 2503 1023 subtraxisse
2539 976 2788 1026 testatur.
2824 966 2880 1023 Si
2915 968 3075 1025 beato
3104 985 3341 1042 quoque,
3367 971 3473 1028 Au-

1885 1058 2110 1129 gustino
2152 1058 2375 1114 credere
2417 1060 2696 1127 volumus,
2728 1074 2921 1116 omnes
2952 1062 3237 1119 haereticos
3277 1073 3332 1119 et
3379 1081 3444 1119 ex

1886 1150 2323 1206 communicatos
2350 1160 2504 1206 extra
2531 1150 2830 1208 Ecclesiam
2853 1168 2977 1208 esse
3003 1170 3110 1209 non
3137 1156 3455 1210 dubitamus

1886 1243 2140 1311 quamvis
2160 1252 2216 1298 et
2242 1243 2422 1298 adhuc
2459 1243 2600 1299 infra
2641 1259 2824 1299 aream
2857 1249 2983 1301 cum
3031 1245 3309 1303 frumento
3335 1249 3448 1304 mul

1888 1343 2001 1405 tam
2026 1334 2237 1405 paleam
2261 1335 2561 1392 toleremus
2592 1337 2798 1407 (I08l).

1961 1424 2098 1480 XIII.
2155 1426 2386 1482 Frustra
2450 1427 2738 1483 dominum
2795 1440 3045 1485 nostrum
3104 1432 3207 1502 pia:
3268 1448 3476 1488 memo-

1887 1517 1986 1574 rite
2036 1518 2222 1590 (1082)
2278 1518 2602 1592 Gregorium
2658 1536 2855 1592 papam
2913 1523 3219 1580 arundineo
3277 1524 3478 1580 baculo

1888 1611 2243 1680 comparatis,
2275 1627 2441 1683 quem
2484 1629 2662 1684 usque
2690 1613 2759 1669 ad
2784 1614 2947 1669 ﬁnem
2976 1616 3099 1671 vitae
3141 1615 3194 1669 in
3219 1632 3319 1671 sua
3350 1633 3479 1673 sen-

1890 1702 2061 1757 tentia
2096 1701 2348 1758 stabilem
2389 1713 2445 1760 et
2493 1704 2842 1761 inﬂexibilem
2887 1707 3191 1777 perstitisse
3241 1702 3476 1764 multum

183 1795 400 1865 quitur,
425 1797 518 1852 ubi
553 1797 665 1854 Deo
689 1800 775 1854 vel
796 1814 896 1870 per
929 1815 990 1856 se
1009 1800 1096 1856 vel
1125 1792 1222 1870 pér
1253 1800 1426 1872 legem
1451 1800 1787 1874 pmipiemi
1818 1787 1862 1843 Β
1887 1793 2142 1850 doluistis
2166 1814 2179 1849 :
2204 1796 2298 1866 qui
2334 1809 2446 1851 non
2488 1810 2682 1853 omnes
2722 1798 3056 1868 provincias,
3083 1814 3221 1870 quas
3246 1815 3477 1855 enume-

185 1888 502 1957 specialiter
530 1890 802 1946 obeditur.

264 1978 472 2036 Beatus
501 1997 723 2054 quoque
755 1982 1095 2056 Augustinus
1125 1984 1180 2039 in
1223 1984 1366 2041 libro
1398 1986 1577 2057 primo
1605 1986 1682 2044 De
1711 1988 1791 2043 ci-

183 2073 359 2129 vitate
408 2072 507 2130 Dei
563 2075 709 2147 (cap.
741 2075 834 2148 26)
867 2093 880 2129 :
916 2076 1091 2143 Miles,
1139 2076 1339 2148 inquit,
1391 2094 1511 2133 cum
1547 2079 1790 2135 obedienc

184 2166 477 2235 potestati,
502 2167 598 2221 sub
643 2184 750 2239 qua
792 2167 1027 2240 legitime
1059 2170 1379 2224 constitutus
1407 2177 1506 2236 est,
1528 2171 1793 2226 hominem

185 2258 412 2324 occidit,
442 2258 593 2313 nulla
638 2260 873 2314 civitatis
920 2277 1034 2316 sua
1077 2259 1189 2333 lege
1217 2260 1493 2316 homicidii
1527 2279 1647 2317 reus
1689 2272 1787 2318 est.

186 2347 307 2406 Nec
339 2365 444 2407 nos
491 2349 682 2422 utique
731 2367 946 2420 omnes,
983 2352 1079 2425 qui
1107 2354 1615 2411 excommunicatos
1644 2354 1795 2412 occi-

188 2441 398 2510 derint,
422 2444 757 2501 omnimodis
798 2460 1189 2518 expurgamus,
1218 2445 1315 2501 sed
1366 2460 1469 2501 nec
1493 2454 1603 2502 tam
1631 2446 1790 2514 dure,

188 2542 257 2589 ut
308 2535 643 2591 vestratibus
687 2535 950 2607 placeret,
994 2552 1092 2594 eos
1128 2537 1440 2611 iudicamus
1473 2557 1486 2593 :
1521 2547 1578 2595 et
1632 2540 1790 2607 illud,

190 2626 436 2696 primum
466 2628 710 2699 quidem,
759 2629 890 2700 quia
925 2630 1033 2685 tale
1079 2645 1220 2701 opus
1252 2631 1340 2686 vix
1379 2639 1475 2686 aut
1506 2647 1791 2704 nunquam

191 2716 320 2772 sine
367 2720 528 2789 culpa
578 2719 886 2789 perﬁcitur;
935 2723 1043 2778 hoc
1073 2730 1257 2777 autem
1299 2723 1625 2790 secundum,
1662 2725 1792 2796 quia

189 2824 291 2865 eos
332 2810 448 2865 zelo
484 2810 578 2866 Dei
615 2812 810 2869 ductos
833 2814 940 2869 hoc
967 2830 1127 2887 agerc
1161 2830 1260 2886 pro
1284 2815 1657 2872 ecclesiastica
1692 2834 1791 2873 ne-

190 2901 453 2957 cessitate
480 2905 870 2974 cognoscimus
893 2907 1121 2977 (t079‘).

267 2992 346 3048 De
370 2994 758 3064 praedicatione
798 2998 1194 3056 monachorum
1225 2999 1373 3069 quod
1399 2999 1596 3055 iterum
1630 3011 1791 3057 nota-

190 3086 290 3152 tis,
320 3096 372 3142 et
401 3088 563 3144 nobis
609 3089 806 3160 placet,
828 3101 890 3146 ut
928 3107 1039 3147 non
1070 3091 1176 3147 nisi
1213 3090 1449 3148 ordinati
1474 3094 1791 3165 praedicent,

189 3176 582 3249 catholicoque
628 3180 888 3236 obediant
939 3182 1182 3253 prazsuli,
1235 3183 1344 3241 nisi
1378 3184 1448 3240 ab
1494 3186 1794 3256 apostolica

192 3268 329 3324 sede
357 3266 566 3324 fuerint
592 3271 940 3343 emancipati.

268 3354 387 3413 XII.
408 3357 551 3427 Quid
574 3369 759 3417 autem
780 3362 1078 3431 miramini,
1102 3363 1150 3419 si
1171 3373 1514 3421 sacramenta
1539 3364 1796 3423 Ecclesia:

192 3450 345 3519 apud
382 3453 891 3509 excommunicatos
934 3470 1059 3511 esse
1103 3465 1374 3527 negantur
1414 3456 1623 3528 (1080),
1666 3474 1795 3515 cum

195 3537 262 3595 B.
296 3540 641 3614 Augustinus
686 3543 944 3616 (sermone
992 3546 1118 3614 181,
1151 3547 1230 3602 De
1267 3556 1514 3620 tempore,
1547 3566 1669 3622 cap.
1701 3551 1794 3622 21)

192 3632 383 3688 locum
406 3634 519 3688 veri
546 3636 803 3693 sacriﬁcii
833 3646 987 3694 extra
1028 3637 1330 3696 Ecclesiam
1366 3656 1477 3698 non
1517 3658 1643 3699 esse
1670 3659 1796 3714 pro-

188 3727 466 3782 testetur?
494 3726 630 3783 Item
669 3728 727 3785 S.
766 3729 1065 3804 Gregorius
1088 3733 1155 3789 de
1185 3737 1602 3792 consecratione
1624 3735 1796 3792 Maxi-

197 3819 279 3873 mi
306 3822 719 3891 unesumptoris
750 3824 997 3881 scribens
1020 3824 1136 3896 (lib.
1165 3842 1250 3892 ιιι,
1280 3827 1434 3897 epist.
1459 3828 1551 3899 20)
1579 3848 1592 3884 :
1620 3828 1795 3895 Quam

199 3926 338 3977 rem,
364 3910 564 3982 inquit,
590 3913 739 3969 nullo
765 3915 920 3970 modo
946 3932 1224 3987 possumus
1246 3919 1420 3973 dicere
1441 3923 1797 3976 consecratio?

198 4017 344 4068 nem,
394 4005 522 4074 quia
576 4004 642 4059 ab
677 4008 1146 4063 excommunicatis
1198 4009 1462 4066 celebrata
1508 4020 1607 4067 est.
1661 4012 1795 4068 Item

198 4093 582 4165 praedecessor
602 4097 723 4166 eius
746 4113 887 4170 papa
911 4098 1166 4172 Pelagius
1200 4100 1490 4172 (Gnarus.
1517 4121 1680 4159 causa
1700 4105 1793 4173 24,

197 4202 257 4257 q.
295 4186 347 4240 1.
374 4202 423 4241 c.
451 4188 543 4258 55)
572 4207 585 4242 :
614 4188 785 4246 Extra
816 4189 1135 4260 Ecclesium,
1163 4194 1362 4266 inquit,
1388 4213 1492 4251 non
1521 4214 1797 4253 consecra-

202 4287 315 4347 tur,
356 4280 453 4341 sed
490 4294 799 4339 exsecratur
828 4286 1124 4357 episcopus.
1172 4286 1307 4344 Item
1350 4288 1410 4344 Β.
1446 4289 1796 4349 Innocentius

275 4563 606 4643 (@079f)_l_'3__x
644 4575 771 4643 toto
796 4578 1055 4643 contextu
1083 4571 1254 4643 liquet
1279 4570 1550 4630 Bernaldo
1579 4583 1796 4632 tantum

199 4636 625 4716 oeghomicidiis
670 4638 727 4694 in
759 4640 901 4696 bello
948 4650 1004 4697 et
1046 4636 1158 4713 ιιι-θ’
1195 4643 1798 4716 legitimadefensione

199 4707 442 4780 patratis
476 4723 786 4780 sermonem
814 4726 964 4780 esse;
1009 4707 1168 4770 secus
1210 4707 1360 4771 enim
1396 4714 1537 4772 falsa
1569 4716 1796 4774 omnino

190 4787 354 4849 esset
379 4779 637 4849 haecejus
664 4781 918 4836 assertio.

271 4848 467 4931 (
487 4848 827 4931 Sententiam
851 4867 1006 4931 suam
1027 4862 1215 4925 postea
1237 4856 1554 4931 retractavit
1574 4856 1799 4931 Bcrnal-

202 4906 462 4996 du‘s,fu_ti
506 4921 563 4975 in
600 4906 1791 4996 observationiburs'praaviis—Egi-validus.

203 4991 394 5069 .gitur.
419 4992 551 5069 haec
565 4992 798 5069 epistola
842 5003 966 5069 ante
1011 4991 1218 5051 anxium
1266 4991 1406 5053 I088
1438 4998 1642 5069 scripta
1674 4998 1798 5069 fuit,

204 5060 316 5112 Illo
340 5061 481 5112 οιὶῖίίῖ
513 5060 843 5112 “Erum-(IIIS-
894 5065 960 5112 ad
999 5082 1160 5112 ntmm
1194 5077 1279 5112 est
1325 5083 1488 5112 annm
1528 5060 1691 5112 (Inlue:
1755 5062 1797 5088 ¹“¹’

1891 1887 2047 1953 ratis,
2083 1887 2141 1941 in
2189 1887 2463 1959 integrum
2494 1889 2993 1957 anathematizavit,
3023 1891 3119 1946 sed
3153 1891 3477 1947 Guibcrtum

1888 1987 1944 2034 et
1977 1994 2169 2035 omnes
2206 1979 2327 2051 eius
2370 1981 2686 2053 complices,
2736 1981 2793 2037 in
2838 1998 3166 2055 quacunque
3197 1985 3475 2055 provincia

1890 2066 2111 2126 fuerint.
2162 2070 2274 2128 Nec
2317 2082 2504 2129 tamen
2548 2089 2754 2145 paucos
2796 2086 2950 2132 extra
2986 2076 3128 2133 hanc
3155 2093 3477 2133 excommu—

1891 2163 2226 2220 nicationem
2261 2166 2599 2223 remansisse
2624 2166 2843 2235 dicatis,
2884 2185 3012 2224 cum
3060 2170 3199 2224 tanti
3246 2169 3302 2224 in
3360 2170 3479 2226 solo

1891 2254 2194 2313 Teutonico
2215 2273 2385 2330 regno
2404 2260 2789 2327 remanserint,
2816 2269 2878 2315 ut
2898 2261 3233 2318 multitudini
3254 2277 3479 2319 excon-

1892 2350 2297 2406 municatorum
2320 2350 2625 2422 saepissime
2640 2352 2870 2408 viriliter
2889 2354 3211 2423 restiterint,
3226 2363 3279 2411 et
3304 2355 3484 2410 adhuc

1892 2442 2152 2498 resistere
2180 2444 2414 2514 possint.

1961 2534 2102 2589 XIV.
2127 2534 2241 2593 Nos
2260 2537 2329 2592 ad
2351 2537 2676 2608 periurium,
2695 2547 2754 2593 ut
2774 2537 2997 2606 notatis,
3018 2539 3274 2595 dominus
3297 2547 3485 2594 noster

1892 2624 2191 2699 Gregorius
2224 2644 2364 2700 papa
2392 2645 2503 2685 non
2534 2630 2772 2700 impulit,
2797 2630 2892 2685 sed
2916 2646 2945 2685 a
2968 2631 3286 2701 iuramento
3308 2631 3486 2702 subie-

1892 2720 2094 2776 ctionis
2126 2722 2317 2777 eadem
2365 2721 2694 2778 auctoritate
2751 2721 2988 2778 absolvit
3037 2722 3243 2794 (1085),
3288 2739 3397 2794 qua
3431 2732 3488 2778 et

1892 2815 2148 2884 prmlatos
2177 2828 2372 2869 eorum
2402 2814 2675 2885 deponere
2705 2822 2761 2870 ct
2781 2815 3261 2871 excommunitare
3284 2814 3482 2885 potuit.

1895 2906 1987 2962 Sic
2009 2907 2442 2963 sacratissimum
2468 2905 2802 2978 Ephesinum
2833 2907 3129 2963 concilium
3164 2907 3489 2963 auctoritate

1897 2997 1954 3055 S.
2021 2998 2300 3056 Cuslestini
2354 3014 2509 3070 papae
2531 3008 2924 3070 congregatum
2982 3008 3037 3054 et
3098 2998 3488 3055 conﬁrmatum

1895 3091 2175 3163 subjectos
2211 3090 2449 3149 Nestorii
2473 3108 2540 3147 ex
2564 3099 2835 3162 potestate
2860 3090 3037 3162 ipsius
3065 3087 3372 3147 absolvisse
3404 3090 3487 3147 1e-

1896 3182 2061 3254 gitur.
2115 3182 2207 3241 Sic
2243 3184 2694 3241 Chalcedonense
2743 3183 3037 3239 concilium
3087 3183 3489 3239 Alexandrinos

1894 3277 2261 3349 emancipavit
2286 3278 2355 3333 de
2379 3277 2722 3349 subiectione
2743 3275 2994 3332 Dioscori
3020 3279 3366 3349 patriarchae.
3397 3279 3491 3336 Sic

1896 3385 2111 3441 semper
2131 3378 2320 3427 sancta
2348 3378 2523 3426 mater
2547 3369 2791 3426 Ecclesia
2816 3369 2958 3426 ﬁlios
2979 3385 3109 3426 suos
3134 3371 3200 3427 de
3234 3373 3490 3429 manibus

1896 3463 2270 3533 depositorum
2321 3471 2376 3519 et
2416 3462 3019 3519 excommunicatorum
3072 3463 3280 3535 absque
3336 3466 3489 3521 omni

1898 3563 2027 3611 nota
2081 3555 2310 3628 periurii
2359 3540 2711 3626 emancipare
2755 3556 3071 3623 consuevit,
3130 3550 3349 3613 etiamsi
3407 3558 3490 3614 eis

1897 3648 2291 3718 subiectionem
2315 3647 2629 3719 iuramento
2653 3646 3024 3718 promiserint.
3380 3640 3381 3643 “
3438 3636 3461 3649 “

1968 3739 2028 3793 Β.
2063 3738 2404 3811 Augustinus
2446 3740 2695 3796 scribens
2737 3739 2804 3794 ad
2841 3738 3183 3796 Bonifacium
3214 3742 3489 3797 severitati

1897 3847 2170 3887 canonum
2195 3816 2250 3887 in
2277 3834 2383 3887 hoc
2405 3832 2613 3902 aliquid
2634 3831 3030 3886 detrahendum
3060 3847 3184 3888 csse
3200 3833 3488 3903 iudicavit,
3527 3875 3541 3892 ρ

1897 3934 1959 3979 ut
1975 3925 2159 3981 clerici
2182 3924 2592 3981 Donatistarum
2616 3939 2743 3980 cum
2765 3924 3053 3980 ordinibus
3083 3927 3136 3980 in
3160 3928 3488 3981 catholicam

1897 4016 2288 4087 reciperentur,
2318 4033 2430 4072 non
2458 4018 2649 4088 utique
2681 4015 2737 4070 in
2787 4017 2912 4083 hoc,
2961 4025 3024 4072 ut
3050 4020 3318 4073 sententia
3356 4035 3492 4073 ana-

1898 4106 2156 4163 thematis
2193 4107 2249 4162 in
2284 4108 2621 4178 quibuslibet
2651 4108 3131 4181 anathematizatis
3168 4109 3326 4164 nihili
3354 4125 3490 4185 pen-

1898 4201 2141 4256 deretur.
2168 4199 2451 4256 Aurelium
2492 4199 2982 4272 Carthaginensem
3021 4218 3338 4274 episcopum
3369 4221 3399 4259 a
3423 4203 3485 4258 ll.

1897 4291 2181 4349 Bonifacio
2209 4292 2565 4351 :tCaelestino
2586 4293 2937 4365 pontiﬁcibus
2954 4296 3489 4354 cxcommunicatum

1975 4577 2160 4651 (1085)
2201 4578 2460 4651 Spectant
2483 4580 2601 4651 haec
2626 4579 2695 4635 ad
2717 4577 2975 4651 Ottonem
3010 4578 3486 4651 Constantiensem

1902 4648 2256 4723 episcopum,’
2277 4667 2441 4722 quem
2476 4649 2772 4723 Gregorius
2798 4648 2901 4723 VII
2915 4649 3135 4706 statutis
3163 4650 3360 4723 synodi
3382 4648 3493 4703 Ro-

1904 4720 2082 4776 mana:
2131 4720 2491 4777 reluctantem
2550 4720 3014 4777 a'commuuione
3059 4720 3294 4777 exclusit
3346 4734 3493 4775 anno

1906 4791 2079 4863 {075,
2105 4791 2365 4863 cleroque
2383 4808 2450 4849 ac
2470 4792 2673 4863 populo
2686 4791 3096 4863 Constantiensi
3122 4789 3495 4863 demandavit,

1905 4878 1974 4940 ne
1991 4861 2175 4940 eidem
2217 4861 2385 4940 porro
2418 4861 2697 4940 obedia_n_t_,
2725 4862 2868 4940 datis
2894 4862 3501 4940 ad_eos_litteris,_quas

1906 4934 1962 5004 in
1991 4930 2244 5004 Registro
2271 4933 2507 4990 omissas
2533 4932 2759 5004 exhibet
2782 4931 2943 5004 Ilugo
2967 4930 3403 5004 Flaviniaccnsis
3447 4930 3503 5004 in

1903 4999 2201 5082 ghronico,
2223 5014 2283 5082 et
2318 5004 2524 5060 Paulus
2565 4999 2990 5082 Bgrnriede‘nsis
3026 5002 3083 5082 in
3096 5001 3238 5082 _\f_i_ta
3260 4999 3508 5082 Gregorii

1905 5072 1998 5112 VII
2044 5070 2531 5112 nnurICrnlnnI-nm
2566 5071 2711 5112 Innn
2784 5084 2801 5112 Ι
2856 5070 2930 5112 Vl
2978 5092 3016 5112 ιι
3064 5072 3191 5112 ΙἏΕἈ
3240 5073 3331 5112 ιιἏὶ
3373 5070 3511 5112 ἷηιρι·
