3986 5312
446 247 456 266 ’
513 281 650 338 1227

1489 285 1579 343 AD
1616 285 1842 344 OPERA
1881 286 1939 343 S.
1978 281 2307 342 GREGORII
2343 278 2791 339 APPENDIGES.

3647 278 3778 335 i229

509 399 742 472 legimus
769 400 976 476 (1084),
1001 415 1112 460 non
1146 401 1203 460 S.
1235 401 1518 459 Aurelium
1541 405 1748 477 (1085),
1785 403 1946 475 cujus
1969 418 2092 458 eor-
2119 403 2167 462 Α
2191 399 2543 471 promiserit:
2571 397 2636 453 In
2656 398 2854 452 semine
2873 404 2962 451 tuo
2979 397 3348 453 benedicentur
3371 413 3552 452 omnes
3578 400 3781 469 gentes!

509 507 616 564 pus
641 491 946 567 Hirsaugia
969 493 1250 562 fovemus;
1277 496 1380 551 iste
1404 497 1549 552 enim
1574 505 1816 564 sanctus,
1841 497 1896 551 in
1923 512 2100 568 quan-

509 589 628 638 tum
652 599 727 655 ex
755 583 1046 641 Chronicis
1089 585 1344 656 colligere
1373 586 1674 656 potuimus,
1705 594 1830 642 ante
1850 595 2098 661 tempora

511 676 711 732 horum
743 678 1170 748 apostolicorum
1221 677 1474 750 migravit
1508 678 1575 734 ad
1624 678 1937 734 Dominum.
1987 677 2100 734 Nec

511 781 756 837 unquam
783 766 858 822 ita
883 767 993 824 Deo
1023 777 1297 824 annuente
1327 784 1358 826 a
1380 768 1609 825 veritate
1642 769 2003 836 deviabimus,
2039 778 2102 824 ut

510 858 746 930 aliquem
769 861 936 918 simul
957 870 1012 918 et
1033 871 1283 918 sanctum
1311 871 1366 918 et
1387 863 1921 919 excommunicatum
1944 863 2099 919 dica-

509 956 654 1019 mus,
681 950 818 1009 Nam
837 952 994 1025 juxta
1019 954 1078 1011 Β.
1102 955 1470 1028 Augustinum
1496 956 1565 1011 ab
1587 955 1828 1012 Ecclesia
1861 958 2097 1028 separati

508 1060 858 1118 nequaquam
894 1047 1090 1116 sancti,
1137 1047 1231 1105 sed
1276 1059 1480 1105 aterno
1521 1049 1772 1105 incendio
1802 1049 2100 1106 creduntur

510 1139 883 1210 mancipandi.

579 1228 699 1285 XV.
742 1229 803 1286 Si
848 1231 1067 1304 egregio
1116 1232 1331 1289 doctori
1380 1243 1436 1289 et
1486 1232 1805 1289 ﬁdelissimo
1848 1232 2095 1305 martyri,

509 1319 672 1376 beato
723 1322 948 1394 inquam
983 1323 1279 1396 Cypriano,
1334 1326 1556 1382 credere
1612 1326 1899 1390 volumus,
1953 1326 2098 1396 apud

512 1410 838 1469 Guibertum
873 1423 930 1470 et
971 1415 1092 1486 ejus
1121 1417 1416 1488 complices
1447 1417 1750 1474 Ecclesiam
1782 1418 2096 1474 nullatenus

512 1517 638 1558 esse
697 1505 1005 1564 credemus.
1068 1505 1189 1578 Ipse
1243 1509 1390 1565 enim
1441 1509 1688 1566 scribens
1747 1509 1824 1566 De
1882 1510 2098 1565 civitate

513 1592 576 1666 [ι.
587 1636 602 1660 ,
617 1595 848 1669 unitate]
862 1597 1116 1656 Ecclesia
1131 1600 1200 1656 ad
1215 1599 1468 1672 Magnum
1492 1601 1866 1674 presbyterum
1888 1603 1905 1672 (
1911 1603 1935 1656 ιι
1944 1600 2093 1672 086):

512 1683 780 1754 Ecclesia,
803 1689 1006 1762 inquit,
1031 1707 1140 1746 una
1167 1701 1266 1759 est,
1290 1709 1407 1764 qua
1434 1694 1577 1747 intus
1610 1702 1658 1748 et
1690 1694 1822 1764 foris
1857 1711 1967 1748 esse
1993 1709 2096 1747 non

510 1784 700 1846 potest.
726 1776 787 1833 Si
815 1780 957 1834 enim
986 1782 1129 1852 apud
1156 1781 1520 1838 Nouatianum
1555 1784 1663 1838 sive
1693 1782 1958 1838 Novatum
1995 1793 2094 1850 est,

512 1866 655 1934 apud
692 1865 997 1924 Cornelium
1034 1885 1138 1926 non
1183 1872 1307 1942 fuit.
1355 1871 1414 1927 Si
1457 1890 1574 1928 vero
1625 1873 1769 1944 apud
1797 1872 2102 1928 Cornelium

515 1957 640 2026 fuit,
669 1961 759 2031 qui
793 1959 1038 2017 Fabiano
1067 1965 1307 2035 episcopo
1347 1965 1589 2036 legitima
1621 1966 1955 2022 ordinatione
1981 1983 2102 2021 suc-

512 2059 688 2126 cessit,
721 2059 1054 2118 Novatianus
1078 2065 1134 2118 in
1158 2063 1402 2120 Ecclesia
1432 2082 1534 2120 non
1557 2075 1652 2120 est.
1680 2067 1757 2122 Ac
1780 2067 1824 2122 si
1847 2067 2052 2123 diceret
2083 2087 2096 2122 :

516 2148 575 2205 Si
602 2153 746 2222 apud
783 2153 1106 2226 Gregorium
1155 2171 1352 2227 papam
1401 2156 1646 2214 Ecclesia
1692 2157 1820 2226 fuit,
1866 2161 2011 2230 quod
2047 2170 2102 2216 et

513 2243 620 2313 ipsi
663 2243 926 2301 Guiberto
968 2248 1243 2316 constitit,
1275 2249 1420 2320 apud
1463 2249 1781 2305 Guibertum
1828 2268 1939 2308 non
1982 2261 2097 2320 est,

515 2350 619 2391 nec
660 2336 781 2407 ejus
825 2339 1139 2410 complices.
1188 2341 1391 2397 Eodem
1437 2343 1582 2397 enim
1629 2344 1823 2410 modo,
1873 2354 2100 2415 excepto

513 2428 661 2497 quod
707 2445 817 2485 non
865 2430 984 2487 sine
1028 2432 1273 2504 perjurio
1319 2434 1614 2490 Guibertus
1645 2437 1927 2508 Gregorio,
1961 2439 2103 2494 sicut

511 2517 759 2578 Novatus
805 2521 1063 2580 Cornelio
1099 2525 1404 2582 adulterina
1440 2529 1876 2599 supplantatione
1909 2531 2102 2588 subre-

511 2611 641 2681 psit.
670 2611 806 2670 Nam
833 2614 900 2672 de
921 2614 1130 2674 Novato
1156 2634 1266 2674 non
1283 2612 1540 2691 legimus,
1565 2623 1711 2693 quod
1734 2624 2100 2680 obedientiam

514 2701 574 2758 S.
632 2703 888 2763 Cornelio
938 2725 1181 2781 unquam
1241 2711 1540 2782 juraverit,
1601 2715 1747 2786 quod
1804 2716 2101 2775 Guibertus

514 2793 780 2869 Gregorio
804 2815 958 2869 papa
988 2800 1135 2856 fecit.
1170 2800 1236 2856 Et
1269 2812 1330 2857 ut
1367 2803 1434 2859 de
1468 2805 1693 2860 domino
1735 2815 1924 2861 nostro
1968 2808 2101 2864 Gre-

511 2887 666 2958 gorio
701 2889 972 2958 dicamus,
1001 2893 1149 2962 quod
1187 2893 1254 2949 de
1299 2892 1355 2949 S.
1382 2894 1638 2953 Cornelio
1670 2898 1889 2968 scripsit
1912 2898 1970 2954 B.
1996 2899 2101 2974 Cy-

511 2980 742 3050 prianus
792 2982 895 3054 (ep.
930 2985 1021 3054 55)
1051 3003 1064 3038 :
1100 2984 1302 3041 Factus
1353 2997 1432 3042 est
1489 2990 1761 3061 episcopus
1799 2991 1863 3047 de
1906 2991 2006 3048 Dei
2051 3002 2102 3048 et

513 3073 719 3132 Christi
745 3076 861 3147 ejus
878 3076 1108 3147 judicio,
1137 3077 1202 3133 de
1235 3078 1547 3134 clericorum
1587 3084 1823 3136 omnium
1859 3085 2099 3139 testimo-
2128 3113 2169 3172 ε

514 3165 624 3234 nio,
653 3166 717 3222 de
745 3166 932 3239 plebis,
965 3184 1084 3240 qua:
1112 3179 1237 3224 tunc
1273 3170 1472 3242 adfuit,
1509 3174 1789 3245 su/fragio,
1823 3175 1886 3230 de
1921 3192 2100 3230 sacer-

514 3257 702 3314 dotum
760 3261 1104 3332 antiquorum
1151 3271 1201 3318 et
1252 3262 1507 3319 bonorum
1568 3267 1804 3321 virorum
1846 3267 2099 3340 collegio,

513 3365 663 3405 nemo
697 3361 818 3408 ante
874 3352 1029 3407 illum
1075 3354 1250 3424 factus
1290 3364 1456 3424 esset,
1500 3373 1620 3411 cum
1671 3358 1818 3413 locus
1863 3358 2015 3414 Petri
2052 3367 2103 3413 et

515 3443 713 3510 gradus
745 3445 1095 3500 sacerdotalis
1121 3447 1385 3504 cathedra:
1412 3459 1639 3505 vacaret.
1668 3450 1785 3516 Quo
1822 3464 2098 3524 occupato,

511 3538 563 3583 et
616 3529 716 3586 Dei
745 3533 1013 3593 voluntate
1051 3544 1208 3606 atque
1251 3539 1486 3592 omnium
1525 3556 1778 3595 consensu
1819 3543 2098 3612 ordinato,

515 3624 756 3694 quisquis
791 3623 914 3695 jam
955 3627 1230 3698 episcopus
1269 3629 1662 3702 voluerit/ieri,
1696 3633 1828 3703 foris
1870 3635 1967 3704 ﬁat
2012 3653 2102 3690 ne-

517 3730 658 3777 cesse
686 3725 793 3784 est,
840 3733 932 3772 nec
977 3718 1167 3774 habeat
1218 3721 1635 3777 ecclesiasticam
1680 3725 2098 3795 ordinationem,

515 3807 606 3878 qui
645 3805 901 3866 Ecclesia:
922 3826 1026 3865 non
1058 3820 1196 3866 tenet
1231 3813 1522 3880 unitatem;
1555 3815 1812 3886 profanus
1837 3825 1937 3884 est,
1967 3817 2102 3873 alie-

513 3911 613 3950 nus
639 3904 739 3964 est,
765 3897 897 3967 foris
931 3909 1028 3954 est.
1053 3898 1123 3953 Et
1162 3917 1282 3956 cum
1311 3911 1426 3973 post
1454 3904 1685 3973 primum
1709 3908 1966 3961 secundus
1990 3924 2101 3963 esse

511 4004 619 4046 non
667 3992 854 4061 possit,
889 3993 1128 4064 quisquis
1182 4003 1300 4064 post
1340 3996 1602 4066 primum,
1634 4000 1725 4069 qui
1769 3999 1913 4055 solus
1951 4000 2101 4056 debet

513 4097 624 4137 esse
649 4121 666 4152 ,
718 4083 894 4154 {actus
938 4095 1051 4154 est,
1097 4102 1203 4142 non
1235 4087 1356 4158 jam
1396 4089 1657 4144 secundus
1688 4090 1813 4158 ille,
1854 4092 1944 4147 sed
1975 4093 2099 4148 nul-

514 4172 600 4228 lus
624 4184 723 4231 est.

584 4265 727 4324 XVI.
769 4268 1079 4329 Sententias
1110 4281 1291 4328 autem
1327 4273 1395 4330 de
1409 4274 1816 4331 universalitate
1841 4274 2100 4334 Ecclesia

517 4377 868 4434 nequaquam
924 4366 1001 4422 ita
1067 4366 1366 4439 intelligere
1426 4368 1730 4437 debemus,
1788 4378 1849 4425 ut
1906 4386 2098 4427 omnes

2203 492 2355 562 (Gen.
2387 491 2548 562 xm.)
2577 491 2682 546 Sed
2711 501 2766 545 et
2789 489 3062 560 quoslibet
3099 489 3384 545 haereticos
3415 491 3534 545 sive
3571 506 3782 546 escam.

2203 585 2514 640 municatos
2544 585 2702 654 juxta
2758 582 3163 638 attestationem
3214 581 3314 638 SS.
3373 581 3607 638 Patrum
3658 583 3785 640 {oris

2202 690 2323 732 esse
2349 691 2457 731 non
2481 674 2894 730 dubitabimus:
2925 674 3126 745 quibus
3172 673 3364 744 procul
3404 674 3581 730 dubio
3621 677 3786 731 satius

2201 779 2368 836 esset,
2419 783 2702 839 nunquam
2750 765 3052 822 Ecclesiam
3102 775 3370 833 intrasse,
3419 783 3591 838 quam
3640 767 3787 836 juxta

2201 859 2552 932 Evangelium
2579 861 2746 931 duplo
2773 859 2947 916 factos
2967 875 3090 916 esse
3118 859 3258 916 ﬁlios
3276 860 3546 930 gehenna
3572 859 3785 930 (Matth.

2201 954 2380 1024 χχιιι).
2444 952 2563 1023 Ipse
2617 967 2839 1024 quoque
2896 951 2954 1008 S.
3008 952 3350 1024 Augustinus
3404 953 3790 1011 scbismaticos

2201 1054 2355 1100 extra
2386 1043 2688 1100 Ecclesiam
2719 1059 2842 1100 esse
2870 1059 3248 1114 sapenumero
3283 1045 3546 1110 asseruit,
3580 1045 3711 1100 licet
3730 1046 3790 1102 de

2200 1132 2606 1188 universalitate
2617 1133 2873 1189 Ecclesia
2883 1149 3156 1204 nusquam
3178 1134 3531 1190 dubitaverit.
3548 1134 3650 1189 Est
3670 1150 3790 1207 ergo

2200 1225 2277 1280 ita
2334 1225 2776 1297 intelligendum,
2838 1235 3087 1282 sanctam
3147 1226 3453 1282 Ecclesiam
3513 1242 3646 1283 esse
3706 1243 3792 1298 per

2199 1333 2391 1376 omnes
2414 1329 2602 1390 gentes
2623 1319 2878 1376 diﬂ‘usam
2904 1320 2960 1375 in
2984 1320 3246 1376 membris
3280 1321 3426 1386 suis;
3459 1335 3580 1376 non
3611 1322 3791 1393 utique
3819 1389 3823 1395 ι

2199 1407 2254 1465 in
2288 1410 2420 1478 illis,
2464 1411 2562 1480 qui
2607 1412 2690 1466 vel
2729 1427 3013 1483 nunquam
3043 1413 3093 1467 ei
3136 1413 3479 1483 incorporati
3529 1421 3686 1478 sunt,
3718 1413 3791 1469 vel

2199 1501 2293 1571 qui
2316 1511 2441 1572 post
2467 1502 2972 1573 incorporationem
3002 1518 3161 1579 suam
3189 1503 3576 1560 ecclesiastico
3594 1503 3792 1575 judicio

2200 1593 2270 1648 ab
2293 1608 2356 1648 ea
2393 1593 2773 1650 dismembrati
2803 1603 2952 1650 sunt.

2273 1685 2436 1741 XVII.
2483 1685 2842 1758 Nequaquam
2895 1702 3028 1744 vero
3065 1704 3405 1759 perversum,
3456 1689 3560 1746 sed
3605 1705 3790 1745 sanum

2203 1777 2362 1833 nobis
2394 1777 2610 1832 videtur
2636 1794 2758 1834 esse
2784 1779 3104 1847 consilium,
3139 1789 3200 1835 ut
3235 1781 3499 1835 monachi
3538 1796 3656 1836 non
3691 1790 3792 1836 tam

2200 1869 2556 1925 saecularibus
2581 1869 2858 1939 obediant,
2876 1885 3113 1942 quorum
3136 1873 3623 1928 conversationem
3645 1874 3792 1928 abre-

2200 1961 2611 2031 nuntiaverunt,
2655 1978 2822 2033 quam
2871 1964 2987 2020 suis
3041 1963 3353 2032 abbatibus,
3407 1965 3623 2036 quibus
3674 1965 3792 2020 obe—

2197 2052 2460 2109 dientiam
2507 2055 2900 2124 promiserunt.
2949 2053 3174 2126 Hocque
3215 2071 3410 2128 omnes
3464 2057 3790 2129 generaliter

2198 2152 2310 2200 tam
2338 2144 2649 2215 spirituales
2673 2161 2840 2216 quam
2853 2147 3142 2203 saeculares
3159 2147 3478 2204 firmissime
3492 2151 3787 2217 attendant,

2199 2246 2260 2294 ut
2286 2239 2417 2296 nulli
2444 2254 2690 2310 unquam
2715 2247 2909 2294 contra
2935 2238 3108 2294 Deum
3126 2250 3180 2296 et
3207 2242 3577 2311 apostolicam
3611 2255 3788 2320 aucto-

2197 2331 2416 2387 ritatem
2454 2331 2751 2388 obediant:
2792 2330 3010 2402 Oportet
3053 2332 3202 2388 enim
3244 2332 3364 2403 plus
3416 2335 3639 2389 obedire
3687 2334 3785 2390 Dec

2205 2442 2367 2496 quam
2419 2425 2719 2480 hominibus
2777 2424 2919 2496 (Act.
2963 2424 3042 2497 ν).
3098 2422 3255 2480 Unde
3303 2436 3788 2498 quantumcunque

2201 2517 2551 2589 imperatoria
2607 2517 2871 2589 majestas
2930 2519 3146 2575 excelsa
3201 2518 3484 2587 videatur,
3546 2537 3658 2576 non
3711 2530 3787 2577 est

2199 2617 2384 2666 tamen
2411 2625 2653 2682 aquam,
2686 2620 2748 2667 ut
2770 2619 2961 2667 contra
3001 2611 3175 2668 Deum
3201 2612 3250 2667 ei
3273 2613 3589 2668 obediatur.

2271 2700 2456 2757 XVIII.
2499 2700 2610 2760 Nec
2643 2702 3023 2776 indignemini,
3055 2704 3102 2760 si
3125 2713 3315 2761 sancta
3339 2705 3584 2762 Ecclesia
3609 2723 3782 2762 eorum

2201 2795 2577 2870 elecmosynas
2598 2813 2708 2853 non
2730 2797 2944 2869 recipit,
2968 2813 3108 2868 quos
3129 2806 3368 2854 externa
3389 2802 3785 2855 communionis

2200 2904 2324 2943 esse
2369 2891 2749 2960 perspexerit;
2798 2905 2926 2946 nam
2987 2899 3042 2946 et
3085 2891 3262 2946 sancti
3306 2907 3555 2948 canones
3611 2895 3786 2965 praci-

2199 2980 2383 3052 piunt,
2435 2991 2496 3037 ut
2541 2983 2848 3040 oblationes
2882 2984 3264 3040 dissidentium
3309 2982 3545 3039 fratrum
3595 3002 3691 3041 nec
3733 2987 3784 3040 in

2203 3075 2481 3141 sacrario,
2515 3090 2617 3130 nec
2661 3075 2717 3130 in
2767 3075 3160 3147 gazophylacio
3197 3074 3574 3146 recipiantur;
3615 3077 3704 3131 sed
3737 3085 3784 3131 et

2204 3163 2337 3233 ipsa
2393 3164 2754 3238 eleemosyna
2811 3167 3200 3222 ecclesiasticis
3257 3168 3610 3224 orationibus
3669 3179 3785 3222 sunt

2202 3258 2707 3327 recompensanda.
2736 3257 3080 3330 Quapropter
3109 3267 3299 3314 sancta
3337 3259 3584 3316 Ecclesia
3607 3275 3783 3315 eorum

2196 3347 2578 3420 eleemosynas
2607 3350 2920 3407 necessario
2948 3350 3170 3417 devitat,
3200 3350 3406 3420 quibus
3432 3352 3488 3406 in
3536 3352 3783 3406 ecclesia-

2201 3441 2354 3497 sticis
2375 3443 2714 3500 orationibus
2730 3459 2838 3500 non
2855 3445 3242 3500 communicat.
3262 3443 3388 3500 Hac
3407 3455 3590 3501 autem
3614 3447 3782 3501 omnia

2203 3536 2534 3592 testimoniis
2563 3536 2662 3592 SS.
2695 3537 2919 3594 Patrum
2964 3539 3126 3596 latius
3154 3541 3462 3611 approbare
3489 3557 3780 3612 possemus,

2202 3630 2295 3684 sed
2331 3630 2633 3700 prudentia
2659 3641 2856 3688 vestra
2901 3633 3068 3690 nimis
3117 3649 3312 3705 graves
3355 3651 3480 3691 esse
3516 3638 3780 3704 timemus,

2200 3736 2365 3790 quam
2416 3738 2513 3793 per
2561 3739 2622 3778 se
2654 3723 2934 3794 copiosius
2975 3734 3030 3781 et
3073 3725 3390 3798 diligentius
3446 3728 3567 3784 hac
3611 3729 3780 3784 omnia

2202 3813 2530 3885 investigare
2555 3829 2718 3886 posse
2745 3831 2856 3872 non
2880 3817 3216 3874 dubitamus.

2193 3966 2196 3970 ,
2273 3904 2410 3960 ΧΙΧ.
2454 3905 2512 3961 In
2545 3906 2632 3963 his
2658 3923 2791 3979 ergo
2825 3919 2880 3964 et
2918 3909 2974 3964 in
3024 3911 3146 3965 aliis
3188 3911 3514 3982 hujusmodi
3561 3911 3659 3968 SS.
3687 3912 3778 3968 Pa-

2201 4005 2348 4052 trum
2372 3998 2656 4053 sententiis
2679 4014 2778 4069 pro
2807 4000 3030 4056 modulo
3069 4011 3260 4058 nostro
3303 4019 3485 4074 usque
3524 4005 3580 4059 in
3621 4006 3768 4060 ﬁnem

2203 4105 2555 4159 perseverare
2595 4092 2878 4163 cupimus,
2930 4109 3032 4150 nec
3075 4095 3144 4150 de
3189 4094 3295 4151 fide
3327 4111 3558 4163 eorum,
3589 4099 3694 4152 imo
3719 4098 3776 4152 de

2201 4182 2304 4238 tide
2325 4182 2532 4238 Christi
2563 4183 2682 4254 ipso
2721 4185 3027 4255 opitulante
3078 4203 3326 4259 unquam
3369 4191 3774 4256 erubescemus,

2200 4275 2296 4345 qui
2341 4275 2397 4330 in
2444 4274 2737 4349 Evangelio
2763 4292 2823 4333 se
2871 4278 2938 4334 de
2981 4279 3074 4334 illo
3115 4281 3466 4336 erubiturum
3521 4283 3780 4354 pradixit,

2202 4368 2516 4439 quicunque
2540 4369 2718 4440 ipsum
2753 4370 2984 4442 ejusque
3007 4388 3291 4430 sermones
3334 4391 3529 4430 coram
3556 4378 3784 4432 homini-

515 4467 706 4531 gentes
753 4459 810 4514 in
865 4457 1109 4518 Ecclesia
1157 4477 1280 4517 esse
1325 4462 1592 4519 dicamus.
1649 4461 1906 4534 Nunquid
1949 4464 2096 4519 enim
2132 4489 2176 4544 ι)
2202 4461 2306 4516 bus
2356 4462 2655 4518 erubuerit.
2700 4461 2798 4519 His
2827 4479 3047 4534 quoque
3082 4466 3370 4522 sententiis
3404 4475 3462 4521 et
3489 4484 3593 4524 vos
3616 4484 3790 4524 assen-

514 4547 715 4619 aliquis
739 4545 1088 4606 Christianus
1115 4565 1360 4621 paganos
1383 4551 1496 4607 sive
1521 4550 1738 4608 Judaos
1774 4551 1830 4608 in
1868 4553 2100 4608 ecclesia

513 4655 637 4698 esse
674 4642 1036 4711 contenderit,
1088 4642 1340 4714 quamvis
1387 4642 1505 4714 ipse
1554 4644 1820 4701 Dominus
1868 4644 2101 4702 Abraha

587 4798 1033 4873 (l081i)_Ubinam
1063 4799 1168 4857 hoc
1214 4800 1405 4873 legerit
1434 4800 1752 4867 Bernaldus;
1793 4802 2101 4873 incomper-

513 4877 633 4944 tum
664 4871 823 4927 nobis
848 4879 952 4937 est,
981 4885 1160 4944 neque
1185 4871 1332 4926 enim
1363 4873 1476 4944 sive
1511 4874 1563 4927 in
1606 4873 1934 4944 Augustino,
1978 4871 2099 4929 sive

512 4939 583 5014 in
613 4940 810 5014 horum
840 4939 1163 5014 pontiﬁcum
1209 4950 1306 5014 aut
1349 4939 1864 5014 Carthaginensium
1907 4939 2099 5001 litteris

513 5008 736 5083 aliquod
763 5008 927 5083 hujus
959 5011 1086 5083 facti
1113 5011 1404 5083 vestigium
1438 5008 1680 5083 repe'rire
1715 5023 1815 5069 est.
1843 5013 2102 5070 Credide-

2205 4552 2308 4609 tire
2331 4562 2606 4624 optamus,
2644 4553 2928 4626 Deumque
2950 4557 3101 4627 pacis
3125 4566 3178 4612 et
3200 4557 3403 4625 solatii,
3437 4569 3500 4614 ut
3521 4560 3612 4615 det
3643 4559 3790 4614 vobis

2206 4645 2444 4717 idipsum
2479 4661 2673 4718 sapere
2706 4647 3016 4717 nobiscum,
3050 4648 3161 4704 imo
3192 4665 3319 4704 cum
3361 4647 3464 4705 SS.
3517 4649 3790 4714 Patribus,

2204 4808 2270 4883 ad
2295 4808 2438 4883 diem
2457 4807 2676 4883 25_Ma_ii_
2695 4810 2757 4883 (t.
2783 4809 2872 4877 Vl,
2895 4825 2956 4883 p._
2973 4810 3064 4883 41)
3089 4811 3144 4865 in
3165 4812 3574 4867 commentario
3595 4809 3794 4882 praevio

2207 4865 2274 4954 ές]
2299 4865 2478 4954 ἰἰιςιηι
2516 4865 2871 4954 s.__ni6nysii'
2897 4865 3344 4954 'Mediolanensis
3360 4865 3793 4952 ‘aiii’i’siitis’fqui

2203 4951 2333 5005 illuc
2389 4950 2733 5022 inLexsilium
2763 4950 2976 5008 'missus
3020 4953 3172 5008 obiit.
3217 4951 3395 5022 Hujus
3423 4954 3555 5008 dein
3595 4950 3794 5022 corpus

2199 5029 2423 5093 petente
2444 5019 2500 5093 S.
2535 5021 2828 5078 Ambrosio
2863 5024 2980 5093 ipse
3032 5019 3795 5078 Aurelius—Mediolanum'at-

515 5079 644 5164 riui,
678 5079 1006 5164 Bemaldoum
1041 5082 1212 5140 fuisse
1235 5079 1523 5164 deceptum
1543 5100 1607 5139 ex
1643 5084 1993 5164 bonionxmia
2023 5087 2103 5164 al-_
2200 5079 2342 5164 iniit,
2374 5092 2467 5164 ubi
2507 5094 2671 5147 etiam
2702 5093 2859 5163 juxta
2884 5079 3259 5164 'Trithemium
3304 5094 3470 5164 (Ann.
3506 5094 3792 5163 Hirsuta.

515 5151 688 5200 terius
716 5150 942 5200 Aurelii-
965 5154 1033 5200 de.
1051 5168 1162 5200 mm
1191 5168 1254 5200 ex
1279 5150 1460 5200 libello
1475 5153 1768 5200 Marcellini
1786 5150 2100 5200 ptF‘nnctini

2203 5170 2222 5200 Ι
2275 5162 2292 5200 1
2341 5179 2375 5200 n
2511 5162 2760 5200 Innrhnﬂlc
2799 5173 2881 5200 00"
2911 5163 3050 5200 nit-nn
3097 5181 3162 5200 nn
3371 5182 3384 5194 '
3412 5164 3573 5200 nuisse
3605 5162 3792 5200 nnciam
