3986 5312
519 338 657 393 ’1251

1415 360 1422 368 υ
1503 337 1595 392 ΑΙ)
1632 334 1861 392 OPERA
1898 335 1956 391 S.
1997 331 2324 389 GREGORII
2361 330 2806 390 APPENDICES.
2886 388 2892 394 .

3656 325 3792 383 ΒΩ

523 460 667 518 rent,
692 459 746 506 et
782 452 1058 522 apostolos
1094 465 1282 508 secum
1321 450 1582 506 seducere
1618 449 1852 516 vellent,
1903 461 2111 517 nequa-
2142 449 2188 506 Α
2211 455 2315 513 est,
2344 445 2673 502 omnimodis
2711 442 3096 502 resistendum.
3129 441 3278 498 Unde
3312 457 3369 496 ιιι
3417 436 3792 496 sacratsssima

522 559 689 615 quam
734 544 968 615 apostoli
1006 550 1355 613 exspectasse
1408 542 1682 613 leguntur,
1732 550 1795 596 ut
1842 540 2109 596 Dominus

522 651 621 691 eos
640 635 708 690 de
724 634 1127 690 Pharisaeorum
1140 631 1444 689 obedientia
1458 633 1765 704 specialiter
1773 633 2106 699 absolveret;

521 727 635 781 imo
665 726 848 781 statim
877 726 958 782 eis
981 726 1203 782 obedire
1224 733 1549 796 spreverunt
1565 725 1810 782 dicentes
1836 743 1851 780 :
1884 723 2110 781 Obedire

520 819 692 888 magis
721 827 921 889 oportet
968 817 1076 872 Deo
1116 834 1280 890 quam
1309 817 1607 872 hominibus
1652 817 1792 889 (Act.
1821 816 1898 889 v).
1955 815 2111 873 Unde

518 907 581 963 B.
610 910 890 979 apostolus
917 908 1114 966 Petrus
1137 910 1194 965 in
1218 908 1563 966 ordinatione
1599 908 1657 964 S.
1688 908 1985 965 Clementis
2010 908 2106 963 tir-

520 1000 770 1057 missime
792 1002 1103 1059 decrevisse
1123 1002 1342 1073 legitur,
1372 1010 1430 1058 ut
1454 1001 1567 1070 ille,
1590 1000 1680 1057 cui
1700 1001 2108 1058 ecclesiasticus

516 1100 708 1162 pastor
770 1095 1004 1150 sentitur
1047 1108 1294 1162 aversus,
1345 1094 1416 1150 ab
1465 1094 1780 1151 hominibus
1815 1093 2103 1149 devitetur.

516 1180 629 1239 Nec
684 1185 753 1240 ad
793 1186 899 1242 hoc
942 1186 1356 1258 exsequendum
1408 1184 1631 1257 aliquod
1673 1184 1909 1257 speciale
1960 1201 2105 1256 prte—

510 1285 737 1346 ceptum
765 1293 797 1333 a
826 1278 1051 1350 praelato
1085 1285 1451 1350 exspectetur,
1481 1278 1576 1335 sed
1611 1277 1795 1334 statim
1821 1292 1882 1334 se
1914 1278 1985 1333 ab
2012 1276 2106 1333 illo

517 1377 785 1437 avertant,
798 1371 886 1427 eui
902 1371 1335 1427 ecclesiasticum
1359 1379 1636 1442 pastorem
1660 1371 1951 1427 adversum
1976 1385 2103 1441 per-

517 1459 742 1530 cipiant.
795 1461 977 1529 Nulli,
1024 1463 1283 1534 inquam,
1344 1471 1537 1519 contra
1578 1460 1763 1519 Deum
1815 1470 1871 1517 et
1900 1470 2107 1518 statuta

519 1550 621 1606 SS.
648 1551 874 1609 Patrum
897 1564 983 1610 est
1005 1554 1370 1610 obediendum
1403 1573 1418 1609 :
1457 1554 1568 1610 imo
1594 1555 1818 1626 praelato
1852 1569 1975 1622 suo,
2008 1554 2105 1625 qui

516 1658 618 1712 pro
668 1645 1031 1702 inobedientia
1077 1662 1115 1702 a
1151 1647 1432 1717 superiore
1485 1655 1755 1717 potestate
1810 1647 2104 1703 damnatus

588 1777 773 1849 (1088)
820 1778 1231 1851 Apologeticum
1278 1779 1370 1851 hic
1411 1778 1638 1851 citatum
1681 1778 2101 1851 eumdemdesse

512 1858 666 1917 puto,
702 1847 1272 1922 quem—Grciserusit.
1305 1848 1580 1922 Vl,0pp.,
1613 1866 1668 1920 p.
1699 1848 1790 1919 29)
1822 1847 1992 1922 edidit
2012 1848 2099 1922 in-_
2155 1895 2157 1897 ,

514 1927 599 1973 ter
640 1918 904 1990 opuscula
955 1918 1226 1986 Bernaldi,
1269 1920 1428 1990 cujus
1458 1918 1650 1979 tamen
1703 1918 1903 1976 nomen
1954 1918 2102 1975 haud

513 1989 753 2069 praefert,
785 2007 849 2046 ac
880 1991 935 2046 in
964 1991 1131 2045 simili
1176 1990 1289 2073 fere
1330 1999 1654 2116 ﬁgmento
1677 1999 1927 2046 versatur
1974 1996 2101 2045 cum

514 2058 607 2114 illo
631 2077 797 2118 supra
820 2062 924 2117 col.
944 2061 1081 2117 1105
1105 2078 1197 2118 aut
1215 2070 1360 2118 certe
1472 2061 1645 2116 rnaldi
1680 2068 1783 2116 est.
1819 2060 1958 2116 Cum
1971 2074 2104 2116 vero

514 2077 607 2114 uno
631 2077 797 2132 supra
820 2077 924 2117 con.
944 2077 1081 2117 nuo
1105 2078 1197 2134 qui
1215 2077 1360 2118 certe
1396 2077 1645 2116 uernam:
1680 2077 1783 2116 ess.
1819 2077 1958 2116 hum
1971 2077 2103 2116 vero

512 2144 576 2203 ex
604 2130 890 2203 llirsaugia
932 2133 1127 2203 allatus
1157 2132 1389 2203 dicatur,
1414 2132 1557 2187 haud
1581 2131 1855 2186 immerito
1881 2131 2103 2199 (Patro-

513 2199 670 2272 logiw
684 2212 791 2257 tom
801 2199 1061 2272 fCXLlll)
1073 2204 1142 2258 ad
1162 2202 1471 2259 Chronicon
1484 2203 1949 2259 Petershusanum
1962 2204 1999 2257 l.
2015 2218 2098 2267 ιιι,

511 2286 570 2325 ιι.
595 2271 905 2343 Ξειιερίοειιί
918 2271 1130 2339 sumus,
1145 2273 1298 2328 illum
1328 2272 1469 2330 forte
1483 2290 1513 2329 a
1529 2273 1805 2343 Bernardo
1827 2273 2100 2328 monacho

513 2348 568 2396 et
587 2342 936 2411 scholastica,
967 2345 1059 2414 qui
1082 2359 1150 2399 ex
1179 2344 1272 2399 illo
1304 2345 1641 2401 monasterio
1667 2344 1722 2399 in
1753 2342 2098 2416 Ilirsaugiam

2209 537 2504 594 universali
2555 536 2764 610 synodo
2797 534 3068 606 Ephesina
3106 542 3164 589 et
3203 532 3282 588 illi
3309 531 3550 587 multum
3589 528 3792 584 laudati

2210 639 2358 697 sunt,
2384 630 2479 701 qui
2510 629 2733 701 proprio
2766 642 2958 685 eorum
2989 627 3270 699 episcopo,
3303 624 3360 679 id
3389 632 3479 679 est
3516 620 3792 687 Nestorio,

2208 723 2437 780 viriliter
2463 722 2837 778 restituerunt.

2281 857 2340 913 In
2370 841 2477 912 ﬁne
2502 856 2823 929 apologetici
2846 854 3229 928 (lO88),quem
3240 851 3500 908 dominus
3526 846 3796 904 Beroldus

2207 951 2484 1023 quondam
2507 951 2574 1006 de
2598 948 2887 1021 Hirsaugia
2899 948 3100 1014 attulit,
3116 956 3344 1018 quemet
3365 944 3633 1001 dominus
3656 939 3797 995 Hen-

2206 1043 2378 1111 ricus,
2429 1050 2492 1098 ut
2548 1042 2765 1114 opinor,
2802 1041 2887 1095 hic
2926 1039 3252 1109 descripsit;
3300 1037 3355 1091 iu
3379 1035 3512 1103 ﬁne,
3549 1034 3795 1104 inquam,

2206 1135 2367 1193 istius
2395 1135 2715 1208 apologetici
2736 1133 2842 1190 hoc
2867 1131 3197 1189 authenticis
3216 1129 3531 1185 rationibus
3548 1126 3796 1182 declara-

2204 1236 2317 1297 tur,
2343 1228 2490 1300 quod
2531 1243 2632 1284 nec
2669 1226 2893 1298 proprio
2922 1225 3200 1297 episcopo,
3231 1221 3396 1279 etiam
3434 1219 3716 1277 catholico
3748 1226 3797 1272 et

2207 1321 2487 1393 religioso,
2501 1329 2693 1377 contra
2704 1319 2989 1376 dominum
3009 1334 3205 1389 papam
3229 1315 3451 1371 obedire
3470 1312 3793 1369 debeamus.

2208 1411 2353 1468 Deus
2387 1418 2569 1467 autem
2597 1409 2748 1482 pacis
2767 1418 2823 1466 et
2846 1408 3027 1466 solatii
3055 1408 3122 1463 de
3160 1407 3317 1463 vobis
3340 1406 3590 1476 idipsum
3613 1415 3797 1473 sapere

2209 1502 2383 1575 (Rom.
2420 1503 2513 1575 xv)
2541 1503 2850 1569 nobiscum,
2878 1508 2940 1556 ut
2972 1499 3261 1556 abundetis
3286 1499 3346 1554 in
3383 1511 3484 1569 spe
3522 1504 3584 1551 et
3603 1494 3798 1549 virtute

2209 1596 2447 1669 Spiritus
2476 1596 2651 1653 sancti
2680 1594 2871 1669 (Ibid.,
2897 1594 3043 1666 xm).

2201 1781 2571 1840 concesserat,
2599 1771 2769 1828 fuisse
2799 1770 3255 1843 compositumket
3280 1768 3502 1843 exinde
3523 1767 3680 1843 circa
3701 1785 3791 1843 an.

2205 1844 2344 1901 1085
2375 1851 2472 1916 per
2495 1838 2789 1900 Heroldum
2807 1838 2941 1916 sive
2965 1840 3440 1916 inuScafbusense
3455 1839 3579 1916 sive
3604 1840 3662 1893 in
3700 1838 3797 1916 De-

2203 1910 2593 1972 tershtisanum
2645 1913 2955 1970 coenobium
3000 1914 3246 1978 allatum,
3299 1910 3604 1981 utrobique
3652 1911 3793 1964 enim

2206 2002 2362 2042 nova:
2406 2002 2474 2041 ex
2517 1984 2802 2056 Hirsaugia
2845 1984 3072 2041 coloniae
3104 1984 3295 2056 eodem
3342 1981 3521 2056 ferme
3552 1988 3796 2056 tempore

2205 2058 2556 2126 advenerant,
2594 2064 2656 2111 ut
2709 2049 2745 2110 l'.
2787 2071 2837 2111 c.
2885 2064 2941 2111 et
2982 2055 3126 2126 apud
3156 2052 3523 2126 Trithemium
3575 2049 3791 2126 (Auget.

2202 2125 2379 2194 Hirs.,
2406 2135 2445 2181 t.
2475 2126 2516 2193 l,
2541 2120 2595 2198 ᾖ).
2627 2125 2755 2196 266)
2786 2120 3058 2194 narratur,
3096 2124 3240 2198 inter
3274 2138 3416 2198 quos
3439 2120 3614 2198 etiam
3652 2120 3794 2198 ﬂeu-

2201 2200 2344 2253 ricus
2367 2192 2607 2268 scriptor
2651 2192 3002 2272 recensetur,
3046 2192 3158 2272 qui
3195 2192 3601 2272 apﬁlpgeticum
3651 2192 3791 2272 hunc

2201 2263 2496 2324 tractatum.
2531 2277 2750 2324 mortuo
2778 2268 2894 2339 jam
2936 2263 3206 2339 Gregorio
3231 2263 3334 2339 ῪΙΙ
3364 2263 3665 2339 exaratum
3708 2263 3789 2315 Li:

2200 2355 2298 2396 seu
2320 2339 2377 2395 in
2406 2339 2494 2395 bis
2517 2338 2766 2410 partibus
2778 2332 3137 2409 descripsisse
3157 2332 3356 2392 dicitur
3375 2334 3672 2390 Bernaldo.

519 2458 3747 2494 Μ

1668 2603 2634 2719 BEBNALDI

669 2813 758 2870 DE
798 2813 1121 2874 VITANDIS
1155 2814 1796 2886 EXCOMMUNICATIS,
1836 2811 2224 2883 EORUMQUE
2260 2814 2995 2913 COMMUNICATORIBUS,
3032 2820 3124 2875 AD
3164 2819 3619 2879 RECCHONEM.

1933 3061 2317 3125 MONlTUM

578 3209 898 3294 plericusne
925 3224 995 3263 an
1022 3206 1390 3294 laicusul‘uerit
1408 3207 1508 3294 llic
1528 3204 1779 3294 Docebo,
1811 3205 1904 3294 ad.
1929 3221 2099 3294 quem
2127 3206 2347 3294 directae
2374 3216 2504 3264 sunt
2542 3209 2627 3265 lue
2654 3208 3351 3294 epistolae,__iucompertum
3381 3208 3583 3294 est.__ld
3610 3212 3779 3294 solum

508 3281 797 3354 evincitur,
828 3280 982 3354 illum
1010 3295 1041 3335 a
1068 3279 1316 3354 partibus
1347 3277 1825 3354 schismaticorum
1860 3277 2097 3354 stetisse,
2127 3294 2159 3332 a
2187 3278 2390 3354 quibus
2419 3294 2544 3334 eum
2572 3277 2815 3335 avertere
2854 3280 3030 3338 solitis
3077 3277 3193 3338 suis
3220 3282 3565 3354 argumentis
3598 3282 3781 3337 nititur

510 3346 831 3408 Bernaldus.
863 3348 985 3405 Vid.
1017 3346 1182 3421 supra
1214 3349 1319 3406 col.
1353 3348 1508 3404 1181.
1535 3346 1690 3404 Unde
1720 3364 1915 3405 rursus
1942 3347 2086 3405 idem
2116 3346 2407 3421 utrobique
2429 3359 2624 3407 auctor
2661 3360 2904 3423 apparet.
3018 3383 3023 3388 -

1940 3498 2350 3523 _

998 3595 1335 3652 EPISTULA
1368 3595 1608 3652 PRIMA.

1086 3706 1154 3744 AD
1192 3703 1523 3745 RECCBONEI.

536 3826 541 3833 .
577 3781 809 3839 Domino
847 3797 913 3838 ac
935 3779 1232 3837 venerabili
1278 3780 1397 3835 viro
1445 3778 1735 3848 Rsccuom,
1773 3777 2091 3838 BERNALDUS

507 3874 625 3930 solo
657 3873 880 3929 nomine
902 3873 1207 3944 presbyter,
1238 3886 1350 3927 non
1376 3871 1644 3927 moribus.

576 3964 620 4023 Ι,
641 3963 783 4020 Cum
804 3978 980 4034 nuper
1004 3962 1170 4018 simul
1189 3976 1457 4029 essemus,
1481 3961 1743 4018 nonnulla
1764 3961 1833 4018 de
1853 3961 2090 4021 vitandis

502 4054 1104 4113 cxcommunicatorum
1138 4053 1701 4110 communicatoribus
1742 4053 1812 4108 ad
1855 4053 2089 4110 invicem

503 4148 838 4204 contulimus
862 4165 876 4214 ;
912 4146 1007 4202 sed
1030 4145 1157 4217 quia
1186 4153 1317 4202 tunc
1340 4153 1449 4200 tua:
1475 4144 1744 4200 voluntati
1772 4141 2091 4200 satisfacere

505 4256 616 4296 non
641 4240 941 4312 potuimus,
968 4238 1175 4309 placuit
1204 4245 1266 4293 ut
1286 4236 1374 4293 vel
1419 4236 1710 4293 scribendo
1745 4235 1843 4291 tibi
1872 4234 2091 4294 satisfa-

502 4348 777 4400 ceremus,
802 4331 950 4403 quod
976 4329 1337 4401 colloquendo
1360 4344 1471 4384 non
1491 4328 1665 4384 licuit.
2072 4402 2075 4405 _

574 4423 635 4479 Β.
675 4422 933 4478 Callistus
970 4437 1111 4493 papa
1152 4431 1209 4477 et
1253 4428 1488 4493 martyr,
1523 4419 1610 4474 vir
1646 4418 2090 4500 apostolicus,in

502 4515 620 4572 suis
648 4514 1011 4571 decretalibus
1029 4511 1278 4584 epistolis
1298 4510 1474 4583 (epist.
1503 4512 1558 4579 2,
1586 4527 1636 4567 c.
1661 4510 1728 4578 2;
1762 4509 1948 4578 Lana”
1972 4518 2013 4591 t.
2044 4510 2087 4580 l,

502 4624 557 4679 p.
610 4606 736 4675 6H)
799 4615 1038 4678 quatuor
1094 4620 1184 4661 res
1240 4611 1546 4671 enumerat,
1614 4604 1667 4658 in
1731 4603 1932 4673 quibus
1995 4620 2092 4659 ex-

502 4698 966 4757 communicatum
1015 4697 1189 4753 vitare
1241 4694 1540 4753 debeamus
1568 4714 1582 4750 :
1610 4695 1865 4752 videlicet
1902 4696 1956 4750 in
1997 4712 2089 4752 sa-
2112 4753 2140 4769 ,Α

502 4792 793 4861 lutatioue,
841 4792 899 4847 in
936 4790 1127 4846 osculo
1148 4830 1164 4859 ,
1229 4789 1288 4845 in
1359 4789 1608 4845 oratione
1633 4830 1649 4855 ,
1718 4788 1775 4844 in
1813 4789 2089 4846 convictu.

503 4885 707 4941 Deinde
782 4883 1108 4941 sententiam
1187 4882 1256 4938 de
1327 4881 1793 4938 communicatore
1867 4896 2091 4938 excom-

2124 3601 2167 3661 B
2194 3597 2457 3659 discernit
2484 3616 2497 3650 :
2528 3597 2720 3656 Omnes
2755 3600 3056 3672 complices,
3083 3608 3390 3666 sectatores,
3425 3602 3776 3655 communito-

2195 3699 2331 3745 torcs
2365 3689 2634 3745 damnata:
2661 3696 2818 3744 semet
2844 3691 3127 3761 pravitatis
3158 3691 3280 3761 pari
3303 3700 3448 3745 sorte
3484 3700 3768 3745 censentur.

2192 3781 2454 3848 Quamvis
2479 3781 2626 3835 enim
2661 3789 2814 3836 extra
2864 3779 3165 3837 Ecclesiam
3196 3781 3352 3857 alius
3384 3781 3501 3837 alio
3530 3782 3770 3838 tolerabi-

2192 3870 2300 3925 lius
2339 3879 2544 3942 peccet,
2586 3871 2642 3926 in
2691 3871 2797 3926 hoc
2834 3879 3016 3935 tamen
3056 3887 3213 3943 pares
3264 3881 3618 3944 reputantur,
3656 3874 3769 3945 quia

2193 3964 2376 4020 nullus
2398 3978 2591 4018 eorum
2617 3963 2674 4017 in
2712 3964 3041 4019 catholicam
3087 3964 3407 4021 societatem
3432 3966 3767 4037 recipiendus

2191 4065 2293 4123 est,
2319 4056 2422 4112 nisi
2451 4055 2721 4112 catholico
2750 4070 2902 4112 more
2931 4057 3335 4113 reconcilietur.

2262 4146 2325 4201 ll.
2361 4146 2509 4203 hiem
2555 4146 2611 4201 in
2663 4147 3021 4217 sequentibus
3057 4148 3126 4203 ad
3170 4149 3395 4205 eosdem
3436 4150 3507 4206 de
3549 4150 3770 4205 vitandis

2192 4238 2751 4296 communicatoribus
2780 4241 3384 4297 excommunicatorum
3420 4240 3556 4312 (loc.
3590 4241 3715 4311 cit.)
3752 4259 3764 4293 :

2195 4333 2369 4401 Nihil,
2393 4334 2586 4405 inquit,
2613 4334 2762 4389 nobis
2787 4350 3058 4389 commune
3078 4349 3196 4388 cum
3220 4334 3527 4389 hominibus
3550 4351 3770 4389 cominu-

2194 4427 2475 4481 nicationis
2498 4435 2745 4481 externa.
2769 4423 2917 4481 Idem
2932 4424 2988 4480 in
3018 4422 3375 4495 sequentibus
3399 4444 3412 4480 :
3442 4424 3769 4495 Quidjaco‘t,

2178 4508 2239 4572 'si
2262 4517 2379 4588 quis
2399 4515 2567 4570 alicui
2594 4514 2901 4570 euidentiori
2926 4515 3172 4570 haeretica
3195 4530 3301 4568 non
3331 4516 3709 4583 communiat,
3733 4526 3777 4569 et

2192 4609 2260 4687 iis
2285 4619 2458 4664 tamen
2474 4592 2838 4687 communione
2851 4607 3135 4679 jungatur,
3153 4607 3242 4678 qui
3265 4607 3330 4661 ab
3355 4606 3510 4662 illius
3538 4626 3644 4663 non
3665 4617 3781 4663 snt

2194 4686 2556 4756 communione
2584 4700 2817 4755 diversi?
2840 4698 2995 4755 Unde
3018 4709 3073 4755 et
3111 4700 3269 4754 multi
3296 4699 3551 4773 religiosi
3573 4717 3642 4758 ex
3674 4700 3777 4756 Ro-

2194 4792 2372 4847 manis
2393 4806 2453 4846 se
2478 4806 2512 4846 a
2538 4790 2924 4847 communione
2945 4788 3223 4844 Anastasii
3249 4780 3408 4860 papae
3442 4792 3781 4847 subtraxisse

2194 4885 2469 4957 leguntur,
2499 4900 2566 4940 eo
2592 4883 2737 4959 quod
2766 4872 2883 4954 ipse
2909 4883 3127 4940 cuidam
3158 4881 3393 4940 diacono
3426 4882 3782 4941 Thessaloni-

501 4982 767 5038 municati
821 4982 1157 5054 subjungens
1212 4999 1226 5035 :
1278 4977 1620 5052 Quicunque,
1675 4979 1875 5051 inquit,
1903 4981 1961 5034 iu
2005 4978 2089 5033 his
2120 4956 2161 5015 δ
2194 4976 2342 5051 censi
2372 4975 2877 5044 communicaverit,
2913 4975 3007 5048 qui
3025 4976 3140 5048 jam
3175 4976 3383 5033 Acacio
3404 4979 3780 5035 communica-

502 5074 581 5116 nol
615 5074 675 5116 in
704 5073 829 5116 alii:
871 5072 1148 5116 nmhihitix
1174 5073 1399 5116 scienter
1440 5071 1909 5116 emnnmmuninntis
1943 5087 2087 5116 enm-

2194 5070 2301 5116 vit'
2329 5071 2409 5116 sic
2429 5072 2574 5116 enim
2602 5069 2885 5116 annmls
2914 5071 3249 5116 Pnntiﬁoalin
3279 5078 3519 5116 laetatur
3576 5070 3775 5116 (κηρὶ-
