3986 5312
173 294 317 350 1255

1062 305 1349 362 APPEND.
1393 307 1477 362 Ill.
1518 340 1585 350 —
1623 309 2053 367 MONUMENTA
2091 313 2553 370 GREGORMNA.

3293 313 3430 371 1254

168 422 348 482 saepto
375 429 479 467 non
511 414 712 484 pariter
732 432 999 486 perversus
1029 421 1266 489 probari,
1305 439 1394 476 nec
1416 434 1582 493 potest
1612 425 1756 494 refu-
1788 429 1832 484 A
1861 441 1967 480 non
2001 428 2288 496 expetisse.
2339 425 2452 482 Nec
2498 427 2602 482 hoc
2632 427 2751 484 sine
2797 426 2990 482 intimo
3037 427 3216 482 cordis
3246 427 3434 482 dolore

171 508 278 560 tari
299 508 612 576 perversitas
646 508 898 578 complice
926 512 1284 579 perversitatis
1307 515 1560 568 admisso.
1593 514 1751 586 Legi-

168 598 267 650 bus
291 606 430 653 certe
448 600 630 652 vestris
658 601 939 677 criminum
974 605 1191 670 conscii,
1217 615 1638 677 susceptoresque
1672 608 1755 660 la-

169 690 554 745 trocinantium
598 693 718 761 pari
757 692 1087 762 judiciorum
1138 713 1290 766 pazna
1337 699 1753 768 constriguntur,

168 796 264 836 nec
288 797 473 853 expers
501 785 740 838 criminis
769 786 1087 852 azstimatur,
1129 789 1220 857 qui
1265 789 1388 842 licet
1413 789 1522 858 ipse
1544 806 1647 843 non
1675 791 1755 860 fe-

167 874 326 940 cerit,
353 875 598 944 facientis
620 885 792 931 tamen
816 877 1240 947 familiaritatem
1262 881 1529 952 [adusque
1543 885 1753 952 recepit.

171 964 331 1021 Sicut
359 967 524 1039 igitur
549 970 981 1026 communicator
1022 971 1160 1028 furis
1189 973 1377 1028 eadem
1409 974 1760 1031 damnatione

169 1073 300 1114 cum
342 1059 464 1115 iure
493 1061 776 1129 multatur,
827 1064 1182 1121 nihilominus
1211 1066 1647 1121 communicator
1666 1083 1760 1122 ex-

169 1153 564 1208 communicati
605 1171 730 1210 cum
779 1156 968 1212 eodem
1013 1157 1201 1212 eadem
1248 1158 1404 1212 lance
1445 1158 1756 1214 damnatur.

171 1241 272 1298 Est
311 1255 495 1300 autem
523 1246 802 1302 damnatio
831 1249 1309 1316 excommunicati,
1337 1251 1484 1321 quod
1517 1267 1547 1306 a
1572 1250 1684 1307 Deo
1709 1262 1764 1307 et

172 1335 442 1392 membris
481 1337 602 1408 ejus
631 1347 1024 1409 sequestratur.
1064 1340 1145 1396 Tu
1193 1342 1310 1412 ipse
1334 1351 1564 1399 contexe
1615 1345 1764 1414 quod

171 1427 458 1497 sequitur:
485 1446 679 1501 nempe
703 1431 802 1486 SS.
818 1431 1006 1489 Patres
1028 1436 1524 1492 communicatores
1543 1451 1764 1493 excom~

172 1520 585 1578 municatorum
630 1539 785 1594 atque
815 1533 876 1580 ut
906 1529 1408 1584 excommunicatos
1457 1528 1578 1586 ideo
1610 1518 1764 1585 devi-

173 1613 284 1666 tari
306 1614 615 1682 voluerunt,
649 1617 777 1687 quia
808 1619 1048 1686 eosdem,
1075 1620 1233 1691 quasi
1253 1622 1347 1692 qui
1371 1622 1582 1692 seipsos
1607 1623 1764 1678 dam-

173 1717 472 1774 naverunt,
496 1708 824 1764 habuerunt.

1857 518 2221 586 considerent,
2250 519 2470 590 quantis
2517 519 2727 574 oﬁ'endi-
2755 517 2925 574 Deum
2962 519 3257 590 praebeant,
3295 533 3435 588 quos

1859 613 1940 667 vel
1964 629 2065 668 sua
2085 614 2471 684 communione
2491 613 2912 681 commaculant,
2956 614 3038 668 vel
3065 628 3164 668 suo
3187 611 3438 682 exemplo

1855 703 2074 771 docent,
2087 712 2149 758 ut
2162 705 2780 761 excommunicationem
2805 703 3042 759 incidere
3065 719 3174 758 non
3189 703 3435 757 timeant.

1857 795 2141 866 Accipiam
2164 813 2291 869 ergo
2314 813 2508 853 sanum
2537 797 2829 854 consilium
2856 805 2910 852 et
2935 796 3002 851 ad
3036 793 3438 851 reconciliatio-

1859 904 1982 944 nem
2006 887 2282 956 festinent,
2305 905 2373 945 ne
2397 890 2724 960 quandoque
2750 905 2874 945 cum
2901 887 3101 943 Acacio
3127 901 3442 941 excommu-

1861 980 2189 1036 nicationem
2218 989 2482 1052 cogantur
2517 981 2670 1036 inviti
2699 981 2832 1052 pati,
2872 997 2978 1051 qua
3017 979 3339 1050 jamdudum
3385 993 3444 1032 se

1862 1087 1961 1127 sua
1990 1081 2182 1143 sponte
2205 1087 2313 1128 non
2339 1073 2914 1144 timueruntobligare.
2948 1071 3110 1126 Plura
3129 1071 3222 1125 tibi
3251 1071 3317 1125 de
3342 1070 3446 1123 hac

1864 1179 1922 1219 re
1948 1165 2185 1220 scribere
2210 1180 2448 1235 possem,
2481 1165 2528 1220 si
2563 1165 2909 1236 epistolarem
2937 1165 3255 1219 brevitatem
3294 1177 3448 1217 exec-

1863 1255 1990 1313 dere
2034 1274 2142 1314 non
2183 1258 2452 1314 timerem.
2511 1257 2617 1313 Sed
2659 1266 2714 1313 et
2754 1257 2984 1327 sapienti
3020 1265 3104 1311 sat
3133 1257 3336 1311 dictum
3361 1253 3446 1306 vi-

1864 1350 2042 1406 detur.

2447 1461 2784 1518 EPlSTOLA
2821 1461 2884 1515 Il.

2483 1573 2549 1610 AD
2589 1571 2827 1611 EL'IIDEII.

1873 1649 1946 1704 De
1975 1649 2153 1704 osculo
2177 1649 2751 1704 excommunicatorum
2783 1644 3020 1711 vitando,
3042 1654 3090 1698 et
3116 1645 3178 1697 de
3203 1641 3453 1698 Cuiberto

2249 1720 2464 1789 ejusque
2489 1715 3043 1771 communicatoribus.

249 1796 342 1852 IV.
370 1797 508 1855 Hinc
533 1800 594 1855 Β.
624 1801 876 1859 Gelasius
909 1803 975 1859 ad
1011 1806 1299 1875 praedictos
1324 1807 1610 1878 episcopos
1632 1810 1770 1865 scri-
1802 1779 1844 1833 Β
1943 1810 2174 1867 Domino
2216 1779 2289 1866 ac
2314 1779 2610 1865 venerabili
2657 1809 2776 1862 viro
2823 1806 3094 1862 Rcccuoru
3143 1804 3458 1860 Bunmrnus

173 1890 318 1969 hens
338 1893 606 1949 deeodem
626 1893 962 1968 Acacio(loc.
989 1900 1081 1952 cit.
1111 1914 1232 1971 pag.
1254 1899 1411 1970 1223)
1441 1920 1452 1954 :
1485 1899 1647 1968 Quid,
1680 1902 1767 1956 in-

173 1982 322 2054 quit,
371 1997 662 2056 queruntur
689 1989 941 2043 Acacium
980 2008 1013 2044 a
1047 1991 1195 2046 nobis
1235 1993 1398 2062 fuisse
1431 1993 1767 2060 damnatum,

176 2091 304 2128 cum
331 2085 537 2146 recepta
559 2079 922 2133 communione
943 2079 1094 2134 Petri
1117 2098 1172 2136 se
1201 2082 1456 2136 doceatur
1486 2084 1594 2154 ipse
1614 2085 1770 2138 dam-

180 2169 384 2222 nasse?
415 2167 572 2224 Unde
604 2178 658 2224 et
686 2169 746 2224 Β.
772 2169 921 2226 Felix
951 2187 1112 2244 papa,
1137 2175 1232 2245 qui
1256 2175 1514 2232 Acacium
1543 2178 1772 2232 anathe-

181 2259 556 2326 matizavit,in
580 2261 768 2315 eadem
790 2264 1061 2318 sententia
1084 2265 1366 2336 signanter
1385 2267 1571 2338 posuit
1596 2270 1770 2339 (epist.

186 2353 243 2416 6,
278 2352 316 2406 l.
343 2368 418 2417 c.,
437 2369 492 2423 p.
524 2353 682 2426 1704)
712 2374 723 2408 :
753 2353 921 2424 Habe,
948 2357 1144 2428 inquit,
1176 2375 1294 2412 cum
1325 2359 1428 2427 liis,
1456 2376 1584 2431 quos
1610 2361 1776 2416 liben-

187 2458 271 2501 ter
294 2448 650 2518 amplecteris,
683 2452 1012 2520 portionem;
1049 2452 1102 2506 id
1125 2461 1210 2507 est
1242 2469 1366 2507 cum
1393 2455 1775 2508 excommuni-
1815 2441 1818 2444 ’

185 2540 361 2607 catis;
394 2557 460 2596 ac
480 2541 527 2597 si
551 2541 755 2597 diceret
786 2561 798 2596 :
823 2541 944 2598 Non
966 2553 1077 2598 tam
1108 2559 1304 2599 novam
1336 2545 1780 2601 excommunica—

189 2632 397 2688 tionem
431 2649 595 2704 super
613 2642 667 2689 te
695 2633 1118 2706 facimus,quam
1146 2645 1526 2707 veterem,qna
1555 2645 1608 2692 te
1630 2652 1781 2692 com-

191 2726 529 2782 municando
551 2722 1038 2784 excom'municatis
1055 2729 1347 2794 innodasti,
1367 2731 1776 2784 conﬁrmamus.

190 2817 334 2873 Nam
381 2835 505 2874 cum
537 2820 718 2876 omnis
752 2823 1260 2878 excommunicatus
1293 2835 1447 2878 extra
1485 2823 1781 2878 Ecclesiam

194 2911 292 2995 sit,
320 2913 617 2984 nullusque
661 2914 824 2970 simul
861 2915 1001 2970 intra
1037 2924 1091 2970 et
1128 2924 1282 2970 extra
1315 2931 1438 2971 esse
1467 2915 1661 2986 possit,
1698 2915 1785 2971 ille

195 3001 572 3062 lndubitanter
593 3023 652 3062 se
682 3023 712 3062 a
738 3008 1006 3063 catholica
1032 3008 1239 3063 unitate
1275 3016 1511 3078 separat,
1549 3008 1784 3079 quicun-

1873 1903 2155 1975 presbyter
2179 1902 2451 1974 indignus.

1945 1995 1985 2050 l.
2012 1995 2240 2051 Mltum
2279 1995 2451 2051 miror
2477 2009 2574 2049 cur
2601 2000 2812 2048 tantum
2845 1992 2900 2046 in
2927 1989 3278 2047 rescribendo
3304 1989 3459 2044 labo-

1874 2087 2102 2154 raveris,
2126 2101 2254 2142 cum
2285 2099 2632 2156 nequaquam
2661 2081 3019 2139 assertionem
3045 2089 3193 2134 tuam
3216 2080 3283 2134 de
3309 2095 3464 2134 com—

1876 2179 2137 2234 munione
2155 2176 2760 2234 excommunicatorum
2786 2173 3194 2246 approbaveris.
3222 2170 3465 2225 Nullate-

1877 2287 1981 2328 nus
2010 2271 2156 2326 enim
2177 2267 2673 2326 communicatores
2695 2264 3296 2323 excommunicatorum
3327 2263 3468 2318 reci-

1878 2361 2106 2433 piendos
2134 2360 2252 2416 fore
2273 2359 2540 2431 probasti,
2557 2359 2668 2415 imo
2690 2373 2785 2414 eos
2807 2357 2912 2412 sub
2927 2356 3240 2427 apostolica:
3253 2369 3471 2410 excom-

1880 2454 2270 2510 municationis
2298 2452 2630 2524 obligatione
2654 2451 2909 2507 dimisisti
2942 2468 2955 2504 :
2987 2450 3129 2504 unde
3150 2459 3204 2505 et
3229 2463 3330 2519 ego
3359 2448 3470 2501 tuis

1881 2547 2100 2617 scriptis
2131 2561 2228 2616 per
2253 2544 2439 2600 omnia
2475 2543 2806 2615 respondere
2835 2557 2946 2597 non
2977 2541 3351 2597 necessarium
3378 2540 3470 2610 jn-

1881 2638 2078 2693 dicavi.

1953 2728 2019 2784 ll.
2060 2728 2135 2785 De
2164 2728 2357 2785 osculo
2396 2727 2995 2784 excommunicatorum
3044 2723 3269 2778 vitando
3317 2721 3475 2778 facile

1887 2838 1988 2877 nos
2009 2829 2302 2877 excusatos
2331 2829 2517 2891 putas,
2537 2835 2604 2876 eo
2625 2820 2773 2891 quod
2795 2819 2848 2874 in
2877 2817 3208 2889 quibusdam
3239 2815 3474 2870 decretis

1887 2924 1941 2970 te
1975 2913 2108 2969 illud
2135 2929 2246 2968 non
2272 2913 2544 2968 invenisse
2576 2912 2833 2978 testaris;
2861 2926 2925 2966 ac
2956 2910 3003 2964 si
3033 2908 3328 2980 apostolica
3364 2915 3480 2962 sta-

1891 3016 2004 3064 tuta
2029 3021 2185 3064 suam
2209 3003 2574 3076 integritatem
2597 3004 2842 3060 obtinere
2863 3018 2975 3059 non
2999 3002 3234 3068 valeant,
3261 2999 3481 3055 etiamsi

195 3115 310 3170 que
344 3116 402 3155 se
435 3100 504 3154 ab
528 3101 1125 3155 excommunicatorum
1153 3099 1539 3156 communione
1568 3117 1678 3155 non
1702 3116 1790 3156 se—
1815 3124 1856 3180 ο
1889 3117 1954 3156 ea
1989 3099 2217 3171 quilibet
2259 3098 2559 3154 mendosus
2603 3098 2741 3153 liber
2784 3096 2968 3152 minus
3013 3095 3220 3165 integre
3262 3094 3479 3148 habeat.

197 3199 468 3260 questrat.
499 3189 526 3244 J
533 3206 631 3246 ure
643 3207 774 3262 ergo
794 3207 825 3246 a
843 3190 1141 3248 Catholicis
1160 3193 1472 3247 devitantur
1491 3201 1550 3248 ut
1573 3207 1789 3248 excom-

199 3282 487 3348 municati,
519 3283 613 3352 qui
661 3283 730 3337 ab
757 3283 1360 3338 excommunicatorum
1402 3284 1790 3340 communione

196 3388 315 3427 non
344 3381 476 3428 sunt
505 3374 850 3443 sequestrati.
893 3371 1009 3429 Hoc
1051 3383 1231 3429 autem
1257 3374 1669 3447 diligentissime
1704 3383 1788 3430 at-

198 3464 418 3528 tendas,
450 3465 596 3534 quod
625 3463 683 3518 B.
716 3464 966 3521 Gelasius
988 3466 1148 3521 nobis
1181 3466 1504 3536 praescribit,
1533 3482 1632 3521 cur
1663 3481 1794 3537 apo-

201 3557 398 3611 stolica
425 3557 583 3612 sedes
614 3556 875 3612 Acacium
913 3558 1437 3613 communicatorem
1465 3557 1611 3612 Petri
1648 3555 1795 3612 refu-

205 3649 403 3702 taverit
429 3648 531 3720 (ep.
574 3649 660 3714 15,
696 3649 732 3702 1.
771 3664 917 3719 c.,p.
959 3648 1118 3721 1201)
1148 3670 1159 3704 :
1195 3649 1372 3716 Beati,
1411 3649 1606 3720 inquit,
1646 3648 1795 3703 Petri

203 3739 376 3806 sedes,
406 3756 468 3793 ne
493 3755 587 3810 per
612 3740 870 3794 Acacium
899 3741 953 3793 in
979 3739 1129 3794 Petri
1159 3741 1482 3795 consortium
1499 3740 1795 3806 duceretur,

203 3835 384 3904 ipsum
430 3850 632 3905 quoque
687 3852 721 3888 a
774 3851 873 3888 sua
927 3836 1290 3889 communione
1328 3834 1606 3889 submovit.
1652 3833 1798 3889 Idem

207 3926 508 3982 Anastasio
538 3926 854 3996 imperatori
889 3928 1062 3998 (epist.
1096 3927 1140 3997 8,
1161 3925 1278 3997 cit.)
1305 3943 1316 3978 ;
1347 3926 1636 3997 Postquam
1662 3925 1801 3978 Acu-

205 4019 325 4073 cius
357 4019 738 4072 communionis
768 4027 998 4074 externa:
1027 4019 1198 4089 factus
1215 4026 1313 4084 est,
1354 4034 1456 4071 non
1492 4017 1664 4088 potuit
1699 4017 1803 4069 nisi

209 4129 243 4164 α
291 4108 556 4164 catholica
595 4118 646 4163 et
681 4110 973 4180 apostolica
1013 4127 1136 4164 mox
1169 4110 1418 4163 societate
1461 4107 1703 4178 praecidi,
1743 4123 1804 4161 ne

208 4219 308 4272 per
325 4218 468 4269 eum,
491 4201 538 4255 si
567 4200 646 4254 vel
688 4201 965 4271 paululum
1004 4217 1345 4266 cessaremus,
1375 4215 1468 4253 nos
1499 4214 1701 4270 quoque
1730 4199 1807 4252 ei-

209 4292 462 4347 deremur
486 4289 710 4348 subiisse
738 4293 986 4362 contagia
1005 4291 1347 4362 perfidorum.

289 4382 355 4438 ν.
397 4382 633 4439 Videsne
657 4399 824 4454 quam
853 4383 1166 4438 necessario
1205 4381 1522 4452 hujusmodi
1561 4395 1808 4438 commu—

1888 3192 2025 3248 Nam
2048 3193 2104 3246 in
2130 3189 2594 3246 emendatioribus
2622 3198 2676 3244 et
2699 3189 2960 3260 plenariis
2987 3185 3393 3256 exemplaribus
3433 3186 3484 3240 si

1890 3275 2195 3357 quaesieris,
2248 3283 2432 3354 ipsum
2471 3282 2721 3339 osculum
2774 3283 2827 3336 in
2881 3281 3114 3336 decretis
3165 3279 3222 3334 S.
3273 3277 3487 3334 Callisti

1892 3394 2063 3450 papae,
2094 3385 2155 3432 ut
2178 3391 2280 3448 ego
2303 3375 2522 3445 scripsi,
2552 3374 2757 3446 poteris
2788 3373 3031 3429 invenire
3059 3373 3285 3444 (Gem,
3317 3387 3364 3426 c.
3394 3386 3490 3424 ex-

1895 3469 2331 3526 communicator.
2358 3467 2447 3534 17,
2479 3483 2632 3523 caus.
2665 3468 2753 3533 ll,
2777 3483 2828 3520 a.
2858 3466 2910 3520 5.
2950 3464 3066 3521 V'id.
3100 3465 3259 3536 epist.
3293 3463 3484 3534 prazc.)

1897 3563 2162 3620 Praeterea
2196 3576 2297 3617 nec
2316 3559 2442 3616 laici
2476 3559 2734 3631 ignorant
2766 3559 2893 3625 hoc,
2930 3557 3079 3629 quod
3113 3553 3492 3613 excommuni-

1898 3666 2050 3713 catos
2074 3653 2315 3711 osculari
2335 3668 2445 3708 non
2470 3652 2718 3708 debeant.
2747 3649 2905 3718 Quod
2933 3649 2981 3705 si
3008 3648 3257 3713 fecerint,
3283 3647 3492 3715 absque

1898 3749 2050 3805 omni
2103 3745 2539 3809 contradictione
2580 3760 2678 3815 per
2727 3742 3231 3798 reconciliationem
3282 3738 3493 3794 absolvi

1901 3841 2180 3907 festinant,
2212 3854 2314 3895 nec
2342 3853 2401 3894 se
2432 3837 2539 3892 nisi
2565 3853 2660 3908 per
2685 3835 3188 3892 reconciliationem
3225 3831 3495 3902 recipien-v

1902 3935 2002 3990 dos
2019 3933 2284 4004 iudicant.

1971 4024 2060 4080 lll.
2098 4023 2213 4080 Hoc
2238 4023 2427 4094 utique
2445 4021 2770 4077 roboratum
2803 4029 2887 4076 cst
2909 4033 3183 4075 consensu
3208 4014 3493 4070 universa--

1904 4119 1972 4174 lis
2017 4115 2272 4174 Ecclesiae
2308 4135 2320 4171 :
2351 4115 2495 4170 unde
2527 4123 2580 4169 et
2622 4128 2724 4169 nos
2755 4112 2888 4168 illud
2928 4111 3084 4182 juxta
3131 4107 3497 4179 Augustinum

1906 4225 2097 4267 secure
2119 4218 2172 4264 et
2201 4207 2467 4264 veraciter
2491 4220 2789 4278 possumus
2820 4218 3084 4260 asserere.
3111 4201 3253 4256 ldem
3279 4212 3499 4270 quoque

1905 4302 2190 4359 verissime
2228 4309 2462 4356 testatur
2491 4298 2638 4370 quod
2663 4297 2798 4352 nihil
2839 4295 3052 4352 ﬁrmius
3083 4293 3154 4350 sit
3183 4291 3496 4356 tenendum,

1909 4409 2074 4466 quam
2101 4391 2232 4448 illud
2281 4391 2335 4445 in
2363 4405 2474 4461 quo
2503 4387 2710 4444 veritas
2730 4384 3112 4444 consuetudini
3146 4383 3494 4451 suffragatur.

213 4477 495 4533 nicatores
522 4477 848 4542 devitemus,
874 4492 941 4531 ne
962 4491 1059 4546 per
1086 4490 1278 4531 eorum
1306 4474 1646 4531 consortium
1677 4489 1784 4530 con

1913 4484 2019 4541 Sed
2043 4492 2097 4540 et
2121 4481 2360 4538 Joannes
2383 4495 2524 4551 papa
2554 4478 2599 4533 X
2632 4477 2839 4552 (1090),
2873 4478 2978 4544 vir,
3003 4475 3249 4545 inquam,
3275 4479 3499 4543 aposto-

213 4573 365 4643 tagia
392 4571 727 4644 perﬁdorum
758 4570 994 4627 subiisse
1030 4569 1356 4640 judieemur.
1390 4565 1526 4622 Nam
1551 4567 1708 4638 juxta
1741 4565 1801 4619 Β.

215 4667 522 4731 Gelasium,
555 4663 702 4736 quod
743 4671 798 4718 et
827 4679 991 4733 supra
1031 4661 1213 4732 posui,
1244 4677 1353 4716 non
1383 4667 1562 4731 potest
1583 4659 1812 4732 quilibet

216 4758 597 4831 perversitatis
641 4756 1108 4812 communicatore
1153 4765 1406 4824 suscepto
1449 4769 1560 4808 non
1610 4753 1812 4824 pariter

216 4868 514 4923 perversus
553 4849 813 4922 probari,
857 4864 958 4904 nec
993 4856 1171 4919 potest
1220 4846 1446 4902 refutari
1483 4846 1813 4916 perversitas

218 4945 487 5016 complice
514 4941 891 5014 perversitatis
920 4942 1180 4997 admisso.
1205 4937 1433 4996 Cessent
1459 4953 1588 5009 ergo
1620 4937 1816 5008 hujus-

221 5040 372 5096 modi
401 5039 901 5095 communicatores
930 5033 1314 5091 ecclesiastica’
1340 5032 1718 5090 communioni
1755 5047 1816 5087 se

223 5133 600 5204 imprudenter
644 5131 916 5200 ingerere,
967 5143 1036 5182 ne
1075 5125 1394 5182 catholicam
1445 5123 1816 5179 sinceritatem

225 5243 323 5283 sua
353 5224 743 5282 communione
791 5219 944 5289 juxta
978 5219 1226 5276 eumdem
1258 5217 1539 5276 Gelasium
1568 5230 1816 5271 comma-

1909 4579 2068 4646 licus,
2106 4575 2314 4648 judicio
2355 4571 2686 4628 universalis
2731 4569 2928 4642 synodi
2965 4566 3224 4633 decrevit,
3273 4574 3333 4620 ut
3374 4561 3500 4632 qui-

1911 4686 2128 4744 cunque
2161 4668 2418 4737 deinceps
2453 4665 2723 4731 bannum,
2760 4663 2829 4718 ab
2852 4659 3124 4733 episcopis
3154 4657 3498 4730 impositum,

1913 4775 1968 4824 et
1994 4763 2230 4820 maxime
2265 4761 2321 4816 in
2343 4756 2734 4816 communione
2759 4750 3357 4811 exeommunicatorum
3386 4761 3506 4800 cor-

1916 4858 2174 4929 rupisset,
2213 4853 2283 4909 40
2318 4852 2437 4908 dies
2480 4851 2534 4906 in
2573 4864 2716 4919 pane
2758 4857 2812 4904 et
2849 4863 2990 4918 aqua
3020 4857 3174 4899 more
3205 4837 3510 4898 homicida-

1917 4967 2040 5008 rum
2076 4947 2382 5021 paeniteret.

1990 5017 2095 5096 ινξ
2111 5041 2185 5095 De
2213 5035 2487 5095 sententia
2519 5033 2579 5087 B.
2626 5031 2832 5090 Gelasii
2855 5046 3031 5102 papae,
3058 5041 3184 5096 qua:
3214 5027 3348 5084 dicit
3389 5017 3520 5092 (vid.

1920 5138 2073 5208 epist.
2113 5133 2296 5205 prwc.)
2332 5150 2345 5186 :
2383 5126 2542 5182 Nihil
2589 5125 2745 5182 nobis
2775 5136 3047 5180 commune
3072 5134 3196 5173 cum
3222 5110 3524 5174 hominibus

1923 5225 2304 5285 communionis
2341 5227 2605 5284 externis,
2634 5215 2957 5276 necessario
2987 5210 3265 5282 colligitur
3309 5216 3373 5264 ut
3416 5210 3525 5312 tam
