3986 5312
531 155 675 215 1255

1434 246 1437 253 ,
1515 174 1608 245 AD
1646 175 1876 234 OPERA
1915 182 1971 237 S.
2012 182 2350 242 GREGORII‘
2380 188 2826 249 APPENDICES.

3657 194 3795 253 i935

528 271 1370 403 Ϊξηξέἷῗῖθῖἷῗνέἷῗῗῖξωηῖ³ὶ¹ῗ¹¹ῗ³⁵
1396 296 1957 403 ν’ῗηξεῐηνοτεείὲιέοά
1984 313 2111 403 sp“7
2140 302 2186 360 Α
2213 301 2352 357 ¹³³ίο
2387 318 2564 403 ,υιυὶ
2598 321 2765 403 quem
2827 305 2922 363 "bi
2989 310 3182 403 ςτεῖάου
3237 311 3349 403 μυί
3396 311 3555 403 dicit
3606 311 3795 403 (φίας

526 365 738 462 cialiter
766 368 1046 462 privilegio
1092 371 1324 432 Romani
1360 381 1633 450 pontificis
1676 387 1989 458 ascribitur,
2009 365 2106 462 qui

527 451 849 551 _Guibertum
875 461 1322 535 ha-resnarcbam,
1360 477 1416 525 et
1440 485 1635 529 omnes
1669 451 2115 551 complices'ejns

519 544 729 617 judicio
760 551 1086 612 universalis
1109 559 1305 629 synodi
1345 544 1862 638 excommunicavit,
1901 544 2108 643 eosque

525 639 581 693 in
619 641 969 713 salutatione,
1005 646 1063 702 in
1104 650 1318 720 osculo,
1354 652 1411 709 in
1446 657 1714 725 oratione,
1752 659 1808 715 in
1850 639 2105 719 convictu

521 730 843 791 devitandos
872 736 976 793 sub
1007 754 1169 809 ptena
1190 748 1771 808 cxcommunicationis
1786 753 1942 824 juxta
1974 772 2109 826 apo-

520 822 790 915 stolorum
830 825 1230 889 institutionem
1265 834 1625 896 denuntiavit.
1665 822 1808 915 Ergo
1846 822 2113 903 auLG—ui-

520 912 737 997 bertum
769 917 837 973 de
884 925 1453 986 excommunicatione
1485 912 1771 1004 purgabis,
1814 945 1911 992 aut
1952 954 2107 995 com-

520 1021 895 1070 mumcatores
930 1015 1051 1087 ejus
1070 1017 1137 1073 de
1168 1019 1500 1093 obligatione
1522 1030 2111 1089 excommunicationis

516 1116 826 1175 expurgare
859 1121 968 1162 non
999 1110 1240 1180 poteris,
1289 1113 1423 1187 quin
1463 1120 1828 1176 necessariam
1867 1121 2108 1180 habeant

519 1195 1056 1269 reconciliationem,
1092 1211 1153 1258 ut
1196 1204 1421 1262 redeant
1458 1208 1528 1263 ad
1570 1212 1899 1269 catholicam
1936 1217 2102 1278 unio-

519 1299 647 1340 nem
683 1301 834 1380 τι)εο
876 1290 1116 1362 aliquam
1146 1295 1525 1360 difﬁcultatem
1564 1305 1926 1376 praetendam,
1968 1308 2103 1380 quin

518 1379 833 1448 apostolicae
861 1386 1173 1443 auctoritati
1209 1389 1430 1446 obedire
1457 1392 1720 1462 debeam;
1747 1399 1896 1468 quod
1924 1379 2100 1456 sicubi

518 1484 631 1525 non
689 1473 922 1531 observo
947 1518 962 1544 ,
1018 1479 1206 1536 statim
1267 1482 1337 1537 ad
1419 1487 1921 1545 reconciliationem
2001 1508 2098 1547 ve-

518 1561 639 1618 nire
682 1579 795 1621 non
842 1582 1060 1626 recuro.
1087 1570 1197 1628 Nec
1235 1574 1371 1630 mihi
1410 1592 1777 1649 succenseas,
1816 1582 1865 1638 si
1897 1582 1958 1638 Β.
1990 1584 2096 1640 Ge-

2209 394 2407 464 pra'c.)
2454 411 2470 449 :
2518 393 2639 452 Non
2684 396 2879 469 juvare
2902 441 2918 466 ,
2961 399 3013 456 si»
3062 400 3379 457 haereticum
3436 400 3650 458 devites
3671 444 3689 470 ,
3752 393 3801 457 εἱ

2210 487 2668 544 communicatori
2720 490 2841 559 ejus
2898 491 3301 559 eommunices;
3363 508 3430 549 ac
3464 492 3514 549 si
3549 493 3796 549 diceret:

2210 575 2351 644 Quid
2391 578 2567 649 juvat,
2619 579 2667 635 si
2710 579 3032 638 Guibertum
3066 583 3292 650 devites,
3331 593 3388 640 et
3414 585 3801 642 communica-

2211 670 2319 725 tori
2341 670 2463 741 ejus
2483 674 2898 731 communices?
2929 675 3023 747 qui
3042 676 3199 747 juxta
3229 676 3637 736 institutionem
3666 692 3797 749 apo.

2211 762 2481 819 stolarum
2503 764 2670 821 simili
2702 768 3257 825 excommunicationi
3291 770 3582 841 subiacere
3608 770 3798 826 decer-

2211 853 2381 909 nitur.
2430 855 2441 865 ’

2285 943 2350 1001 ν.
2387 946 2588 1018 Accipe
2638 965 2771 1023 ergo
2820 967 3015 1008 sanum
3050 954 3364 1022 consilium,
3411 965 3471 1011 et
3514 955 3803 1013 catholica:

2212 1037 2586 1093 communioni
2628 1042 3006 1111 reconciliare,
3036 1052 3091 1099 et
3118 1060 3150 1100 a
3183 1046 3452 1117 pertinaci
3477 1045 3803 1102 defensione

2210 1142 2416 1196 cesses,
2438 1144 2561 1199 quas
2587 1130 2650 1185 Β.
2686 1132 2990 1205 Augustino
3014 1144 3307 1193 attestante
3333 1138 3585 1194 scbisma
3615 1138 3673 1192 in
3697 1138 3800 1193 ba-

2211 1223 2376 1281 resim
2414 1226 2552 1282 solet
2573 1238 2912 1285 convertere.
2946 1228 3004 1286 ln
3045 1231 3280 1288 Domino
3307 1242 3539 1305 rogatus
3570 1233 3685 1287 cito
3713 1249 3796 1287 re-

2210 1315 2463 1387 sipiscas,
2490 1327 2652 1390 teque
2686 1320 2846 1378 nobis
2869 1323 3379 1379 communicabilem
3407 1325 3701 1390 restituas,
3736 1338 3800 1377 ne

2209 1407 2258 1462 si
2286 1406 2463 1464 nimis
2477 1409 2831 1480 pertinaciter
2854 1410 3113 1469 Ecclesiae
3146 1414 3461 1468 auctoritati
3498 1411 3793 1477 obstiteris,

2208 1498 2415 1569 aliquid
2442 1501 2685 1571 gravius,
2722 1504 2869 1573 quod
2909 1504 3072 1573 absit,
3096 1504 3167 1560 ab
3201 1505 3318 1576 ipsa
3339 1502 3531 1561 matre
3557 1503 3801 1560 Ecclesia

2204 1590 2396 1648 audire
2423 1594 2709 1651 merearis.

528 1711 3741 1771 Ἢ

1687 1867 2653 1989 EEBNALDI

968 2051 1062 2109 DE
1094 2052 1443 2113 ΕΜΡΤΙΟΝΕ
1481 2055 1970 2117 ECCLESIARUM
2006 2060 2104 2116 AD.
2137 2061 2497 2123 PAULINUM
2532 2066 2885 2129 CLERICUM
2922 2071 3332 2133 METENSEM..

1935 2312 1998 2373 Μ
2004 2312 2343 2376 ΟΝΙΤΠΜ.

585 2431 840 2488 Alterum
855 2429 1116 2488 Simonite
1145 2445 1319 2504 genus
1343 2431 1413 2488 de
1434 2430 1711 2503 emptione
1735 2440 1791 2488 et
1813 2433 2127 2491 venditione
2151 2434 2521 2496 Ecclesiarum
2539 2442 2751 2499 erudite
2771 2451 2826 2500 et
2842 2442 3120 2501 succincte
3209 2452 3441 2501 rtractat
3456 2445 3781 2519 Beroaldus,

585 2510 844 2559 avocatus
874 2517 905 2557 a
925 2501 1157 2559 Paulino
1186 2501 1445 2559 Ecclesiae
1469 2502 1725 2561 Metensis
1749 2506 2039 2569 canonico,
2062 2514 2124 2562 ut
2144 2522 2212 2563 ex
2240 2509 2350 2566 fine
2387 2511 2552 2569 huius
2575 2515 2820 2569 epistola:
2847 2524 3089 2569 annaret.
3127 2459 3391 2569 ﬁni-imis
3423 2519 3575 2569 enim
3605 2523 3781 2569 mllio-

510 2510 844 2585 provocatus
874 2517 905 2557 a
925 2501 1445 2585 Paulino'_Ecele_s_i:e
1469 2501 1725 2585 Metensis
1749 2506 2039 2585 canonico,
2062 2514 2124 2562 ut
2144 2522 2212 2563 ex
2240 2509 2350 2585 fine
2387 2511 2552 2581 hujus
2575 2515 2820 2585 epistola:
2847 2524 3089 2585 apparet.
3127 2501 3391 2585 Apprime
3423 2501 3792 2577 enimica'lboi

517 2572 640 2630 licis
661 2573 1301 2656 patribusadbaerebant
1334 2572 1622 2656 Metenses,
1662 2583 1720 2630 ut
1742 2576 1913 2656 etiam
1945 2577 2221 2656 ingrusum
2244 2572 2563 2656 episcopum
2581 2572 2653 2656 Δεἶ.
2683 2584 2821 2641 1088
2848 2572 2981 2656 urbe
3003 2601 3101 2641 sua
3122 2572 3405 2656 pellerent,
3436 2572 3509 2644 et
3528 2572 3786 2647 nea};-

512 2661 645 2700 num
664 2644 753 2734 ab
779 2644 974 2734 exsilio
997 2644 1944 2734 revertentem'i‘eciperent.’Erat.is
1973 2646 2233 2734 Metensis
2255 2644 2543 2734 episcopus
2577 2653 2634 2710 in
2670 2671 2835 2734 causa
2858 2644 3788 2734 Ecclesia:constantissimusfqm

510 2732 638 2773 cum
674 2716 1016 2772 Adalberone
1055 2716 1242 2786 episco
1281 2729 1317 2772 o
1359 2714 1523 2773 Herbi
1563 2716 1737 2775 olensi
1782 2715 1997 2773 fortiter
2040 2720 2259 2801 quidem
2285 2714 2386 2779 sed
2425 2714 2700 2782 incassum
2734 2728 2789 2782 in
2832 2726 3195 2784 conciliabulo
3225 2714 3782 2789 Wormatiensi'ann.

510 2786 654 2840 1076
678 2786 908 2840 (Concil.
935 2786 1134 2840 Germ.
1172 2795 1211 2840 t.
1244 2732 1339 2840 fl].
1382 2803 1437 2840 ι).
1485 2732 1611 2840 198)
1640 2789 2075 2840 exauctoratiom
2107 2789 2351 2840 Gregorii
2385 2793 2477 2840 VH
2507 2797 2707 2840 minii
2756 2808 2814 2840 me
2836 2797 3004 2840 ι-ρτρνι
3037 2798 3358 2840 anhnrlnc
3399 2800 3782 2840 gnhofnohnr-

510 2786 656 2865 1076_
678 2786 908 2865 (Coraca.
935 2785 1134 2865 Germ},
1172 2795 1211 2843 t.
1246 2785 1339 2854 Ill,
1382 2803 1437 2859 p.
1485 2785 1611 2865 1:18)
1640 2785 2076 2865 exauctorationi
2107 2789 2354 2865 Gregorii
2385 2793 2477 2849 VII
2507 2797 2728 2865 restitit,
2756 2808 2816 2854 ut
2836 2797 3006 2853 refert
3034 2798 3360 2856 Lambertus
3399 2785 3783 2859 Sehafnabui:

510 2808 654 2842 ἰυιο
678 2808 908 2859 (nancti.
935 2808 1134 2854 uerna,
1172 2808 1211 2843 ι.
1249 2808 1339 2854 ιιι,
1382 2808 1437 2859 p.
1485 2808 1512 2842 ἰ
1532 2808 1611 2860 ιδ)
1640 2808 2075 2845 exaucwrulont
2107 2808 2213 2847 ure
2250 2808 2354 2849 orn
2393 2808 2477 2849 Vll
2507 2808 2728 2865 restitit,
2756 2808 2816 2854 ut
2836 2808 3006 2853 refert
3034 2808 3360 2856 Lambertus
3399 2808 3776 2859 Schafnabur-

506 2857 691 2982 gensis
728 2857 798 2914 ad
834 2858 890 2915 b.
931 2874 990 2916 a.
1017 2858 1101 2914 Ad
1131 2873 1258 2914 eum
1293 2867 1475 2915 exstat
1511 2857 1757 2942 Gregorii
1801 2858 1913 2926 Vll,
1955 2861 2184 2944 epistola
2213 2808 2304 2930 gi,
2326 2864 2364 2919 l.
2408 2882 2507 2949 vni
2544 2867 2754 2940 (LABB.,
2794 2878 2834 2925 t.
2868 2868 3182 2952 X.Concil.,
3218 2887 3273 2941 p.
3302 2872 3457 2956 267),
3483 2874 3621 2930 circ.
3652 2891 3776 2930 ann.

544 2926 643 2982 081
681 2928 832 2982 data.
855 2945 964 2982 mia
990 2945 1117 2982 eum
1139 2930 1206 2982 ad
1228 2929 1446 2982 labores
1472 2936 1527 2982 et
1555 2929 1795 2982 pericula
1822 2946 1922 2982 ιιι-ο
1946 2940 2195 2982 vernans
2218 2934 2536 2982 defensmnp
2556 2949 2805 2982 nnrntnm
2830 2949 3029 2982 prmisit
3081 2940 3219 2982 ςριιρ
3252 2958 3399 2982 mum
3417 2960 3516 2982 cum
3552 2947 3624 2982 ..ιι
3646 2944 3776 2982 ηοη.

544 2926 643 3010 081
681 2928 832 2997 data,
855 2945 964 3000 qua
990 2945 1120 3010 eum
1139 2930 1206 2985 ad
1228 2929 1527 3010 laboreset
1555 2926 1795 3010 pericula
1807 2946 1922 3010 pro
1946 2926 2208 3010 veritatis
2218 2926 2536 3010 defensione
2548 2926 2806 3010 paratum
2830 2940 3050 2996 excitat.
3081 2926 3236 2996 Sede.
3252 2945 3400 2998 enim
3416 2926 3624 3001 £1.53};
3645 2926 3783 3001 ii};

506 2946 643 2983 ἰυδι
681 2946 832 2997 cata,
855 2946 964 3000 qua
990 2946 1117 2984 eum
1139 2946 1446 2986 adlabores
1472 2946 1527 2985 et
1555 2946 1922 3055 pericuiadiro
1946 2946 2195 2989 veritatis
2218 2946 2536 2994 defensione
2556 2949 2806 3010 paratum
2830 2946 3050 2996 excitat.
3081 2946 3219 2996 Sede
3252 2946 3400 2998 enim
3417 2960 3520 3000 sua
3551 2947 3624 3001 ab
3645 2946 3783 3001 Hen-

506 2999 792 3083 ζίφει-εδδ.
820 3014 951 3055 ann.
984 2999 1138 3083 .1080
1149 3001 1369 3083 pulsus,
1400 3001 1582 3083 adhuc
1608 3017 1737 3057 ann.
1768 3001 1795 3055 1
1951 3002 2008 3056 in
2046 3001 2520 3083 Tusciaeaptivus
2553 3010 2915 3078 detinebatur,
2956 3013 3223 3069 utscribit
3256 3012 3567 3072 Bernoldus
3603 3026 3783 3073 noster

506 3069 1069 3150 infClironicotcujus
1089 3069 1344 3150 etiamad
1364 3071 1550 3150 sedem
1577 3087 1737 3150 suam
1764 3072 1996 3128 reditum
2036 3090 2166 3131 ann.
2201 3069 2368 3150 i089}
2407 3080 2617 3135 obitum
2649 3097 2781 3138 vero
2811 3083 2879 3138 ad
2903 3069 3034 3138 ann.
3070 3083 3230 3150 1090,
3262 3100 3455 3142 mense
3471 3069 3637 3143 (Maio
3652 3069 3779 3142 Ha};

505 3148 611 3196 rat.
648 3139 804 3229 ainde
822 3139 1056 3229 epistola
1079 3142 1303 3229 nonnisi
1330 3142 1596 3225 alterutro
1627 3144 1827 3229 horum
1849 3159 2123 3229 annorum
2157 3139 2507 3229 scripta-esse
2526 3153 2723 3222 potuit,
2758 3153 2851 3229 ubi
2885 3152 3042 3229 Metis
3070 3139 3268 3229 iterum
3290 3139 3414 3229 erat

505 3211 715 3299 ease
747 3211 1051 3299 (ξθυδιιειηαί
1079 3212 2031 3299 δειείεδυεεεηείε,ετοιιίερξξςρριιει
2056 3211 2307 3299 eumdein
2332 3211 3013 3299 Herejnnumsmswlam
3047 3241 3146 3297 pro
3180 3211 3779 3299 creaticreati.

505 3241 631 3282 pun.
658 3241 715 3267 ο.
747 3241 1051 3269 ucucuarur
1080 3241 1514 3285 ouiiauurscuaia
1536 3241 1933 3286 arcutcpibcupl
1960 3241 2029 3271 lu
2056 3241 2307 3272 culllucul
2332 3241 2706 3279 nermannum
2726 3241 2756 3280 0

499 3282 746 3353 ejusdem
768 3284 1034 3355 temporis
1057 3284 1438 3342 scbismaticos
1458 3285 1697 3358 primum
1718 3286 1886 3342 edidit
1907 3286 2222 3356 Gretserus.
2240 3287 2378 3362 Opp.
2403 3300 2443 3347 t.
2473 3292 2562 3361 Vl,
2587 3310 2641 3366 p.
2670 3241 2812 3350 43E

1047 3480 1387 3540 EPISTOLA
1427 3481 1517 3539 Ill.

1090 3592 1157 3631 ΑΙ)
1193 3592 1480 3633 γιιιιιιιιυιι.

570 3668 914 3727 Charissimo
967 3670 1124 3729 fratri
1177 3671 1415 3730 PAULINO
1451 3673 1774 3733 BERNALDIIS
1819 3678 1938 3734 solo
1985 3694 2089 3735 no-

499 3763 650 3820 mine
696 3763 999 3835 presbyter,
1037 3778 1149 3821 non
1184 3765 1452 3835 moribus,
1497 3765 1704 3824 bonum
1750 3768 2087 3839 indeﬁciens,

498 3855 647 3925 quod
676 3862 762 3911 est
782 3853 1059 3914 Christus.
1712 3866 1717 3873 ‘

569 3944 611 4000 l.
649 3945 1039 4017 Quaistionem,
1087 3949 1255 4007 frater
1308 3951 1669 4022 charissima,
1713 3970 1879 4027 quam
1926 3973 1958 4013 a
2002 3975 2091 4016 me

485 4037 879 4116 exsolvendam
909 4051 1138 4112 expetis,
1168 4044 1402 4100 multum
1435 4044 1581 4101 vires
1611 4057 1830 4105 nostras
1853 4051 2086 4119 excedit,

496 4146 664 4201 quam
692 4132 796 4187 etsi
831 4142 1201 4204 competenter
1235 4135 1509 4207 explicare
1534 4152 1776 4205 nossem,
1807 4140 1979 4196 otium
2009 4150 2089 4197 ta-

498 4238 627 4277 men
676 4223 942 4279 librorum
987 4226 1053 4281 ad
1090 4226 1195 4282 hoc
1230 4228 1638 4298 exsequendum
1689 4229 1888 4287 habere
1921 4232 2087 4288 debe-

495 4329 617 4370 rem
648 4332 662 4369 :
696 4329 798 4371 nec
832 4315 899 4371 de
927 4315 1029 4373 hac
1050 4332 1214 4373 causa
1246 4317 1452 4388 aliquid
1489 4334 1830 4390 praepropere
1850 4322 2090 4379 scribere

502 4406 719 4474 vellem,
762 4407 909 4477 quod
943 4423 1052 4462 non
1086 4424 1154 4464 ex
1197 4409 1523 4466 auctoritate
1554 4409 1653 4466 SS.
1684 4410 1909 4469 Patrum
1947 4405 2088 4469 irrc-

492 4498 831 4572 fragaliiliter
875 4501 1108 4563 probare
1149 4517 1390 4573 possem.
1446 4504 1553 4561 Sed
1595 4515 1651 4560 tu
1695 4521 1876 4563 omnis
1920 4524 2088 4563 morae

495 4593 786 4662 impatiens
830 4592 900 4647 ab
942 4592 1230 4647 exactione
1276 4609 1384 4648 non
1420 4595 1682 4653 desistis:
1719 4598 1864 4653 unde
1908 4610 1963 4653 et
2000 4614 2088 4654 me

493 4699 594 4753 pro
619 4695 712 4739 tuo
734 4699 921 4740 amore
945 4684 1173 4740 nimium
1205 4684 1468 4743 festinare
1492 4688 1664 4760 cogis.
1693 4687 1879 4745 Dicam
1902 4698 2086 4745 tamen

492 4776 561 4831 ad
577 4791 839 4846 praesens,
856 4784 914 4830 ut
936 4782 1191 4846 possum,
1203 4778 1352 4833 salva
1375 4778 1703 4850 diligentiori
1732 4780 2087 4851 inquisitione

2084 3570 2087 3573 _
2116 3495 2168 3554 B
2195 3500 2405 3549 tantum
2436 3493 2830 3565 composuisse,
2858 3511 3022 3567 quem
3054 3495 3125 3550 ita
3154 3494 3289 3550 dicit
3317 3494 3600 3568 incipere:
3650 3496 3774 3563 Qui-

2194 3583 2416 3641 busdam
2453 3586 2678 3642 videtur.
2712 3584 2867 3644 Unde
2912 3588 3044 3643 illud
3083 3596 3235 3644 tuum
3262 3588 3329 3644 de
3359 3585 3678 3647 Simoniaco
3702 3600 3774 3647 te-

2193 3678 2515 3735 stimonium
2544 3694 2654 3735 non
2684 3681 2843 3736 nobis
2873 3679 3187 3737 satisfacere
3214 3682 3438 3752 poterit,
3468 3684 3517 3738 si
3561 3684 3676 3756 (sit)
3709 3700 3770 3740 ex

2192 3770 2301 3826 alio
2348 3771 2488 3827 libro
2525 3771 2586 3827 B.
2625 3771 2917 3845 Augustini
2947 3772 3024 3829 De
3062 3773 3167 3829 [ide
3211 3782 3267 3829 et
3299 3776 3567 3845 operibus
3601 3776 3769 3847 praei-

2191 3863 2365 3919 tulato
2392 3872 2707 3935 excerptum
2747 3864 2952 3937 (1091).
3010 3862 3331 3921 Incredibile
3366 3866 3518 3921 enim
3549 3868 3767 3931 videtur,

2191 3956 2558 4027 Augustinum
2587 3956 2756 4012 alium
2784 3957 2984 4013 librum
3014 3956 3091 4012 De
3118 3956 3224 4012 fide
3252 3966 3307 4013 et
3340 3959 3607 4028 operibus
3630 3975 3767 4015 com-

2191 4048 2466 4120 posuisse,
2496 4049 2602 4105 nisi
2635 4049 2794 4120 cujus
2831 4049 3162 4105 mentionem
3203 4048 3335 4105 facit
3390 4051 3447 4105 in
3502 4050 3767 4107 Rctracta-

2191 4141 2658 4197 tione.'Pr:eterea
2687 4143 2868 4212 ipsum
2904 4143 3297 4209 testimonium,
3323 4142 3369 4198 si
3401 4143 3543 4200 bene
3581 4144 3768 4211 recolo,

2188 4234 2559 4290 venditionem
2596 4220 2678 4291 vel
2706 4234 3037 4305 emptionem
3068 4235 3575 4292 ecclesiasticarum
3601 4252 3770 4292 rerum

2189 4325 2322 4383 dicit
2343 4342 2464 4383 esse
2494 4324 2863 4381 Simoniacam
2896 4345 2907 4380 :
2947 4326 3092 4396 quod
3139 4326 3304 4381 nimis
3328 4327 3516 4381 laxum
3549 4328 3771 4391 videtur,

2189 4434 2316 4474 cum
2345 4427 2400 4474 et
2440 4418 2711 4490 legitimas
2740 4418 3088 4474 venditiones
3135 4428 3189 4473 et
3236 4420 3547 4491 emptiones
3594 4435 3773 4474 earum

2189 4526 2376 4567 rerum
2442 4511 2735 4567 inclusisse
2795 4510 3063 4566 videatur.
3133 4509 3486 4581 QuaprOpter
3544 4512 3771 4583 idipscm

2188 4603 2258 4660 Β..
2285 4602 2594 4674 Augustino
2623 4602 2897 4658 ascribere
2935 4619 3042 4658 non
3084 4618 3380 4673 prazsumo.
3414 4601 3527 4659 Nec
3556 4606 3659 4660 hoc
3699 4605 3771 4658 die

2189 4703 2338 4751 ctum
2383 4695 2457 4750 ita
2486 4693 2744 4766 recipias,
2782 4696 2941 4764 quasi
2970 4710 3072 4766 ego
3109 4702 3216 4748 tua:
3256 4695 3614 4764 prrejudicem
3660 4694 3773 4765 opi~

2189 4787 2367 4853 uioni,
2396 4787 2506 4842 imo
2534 4802 2567 4841 a
2595 4794 2647 4842 te
2673 4785 2801 4841 volo
2829 4787 3034 4842 certius
3063 4787 3186 4841 inde
3213 4785 3422 4841 doceri.

493 4870 551 4924 in
587 4866 732 4923 aliud
765 4876 1001 4937 tempus,
1043 4875 1097 4922 et
1122 4868 1227 4924 hoc
1268 4870 1489 4940 quidem
1519 4885 1587 4925 eo
1609 4879 1786 4942 pacto,
1823 4879 1885 4926 ut
1928 4879 1982 4926 et
2026 4878 2084 4925 tu
2113 4866 2155 4923 C
2260 4875 2347 4931 lll.
2380 4875 2476 4933 Est
2503 4885 2686 4932 autem
2728 4885 2819 4932 tua
2855 4878 3105 4947 quaestio,
3138 4876 3185 4932 si
3214 4875 3453 4932 vendere
3480 4879 3568 4932 vel
3606 4880 3774 4934 eccis-

492 4958 714 5014 interim
748 4973 983 5028 quaeras,
1006 4959 1135 5014 etsi
1161 4960 1293 5032 quid
1320 4961 1613 5030 inveneris,
1651 4963 1788 5018 mihi
1830 4963 2085 5021 intimare

492 5067 603 5106 non
635 5049 898 5121 graveris.

561 5139 627 5195 li.
666 5139 724 5194 In
749 5139 943 5211 primis
979 5141 1144 5213 igitur
1167 5143 1291 5198 volo
1319 5143 1483 5210 scias,
1523 5142 1584 5198 Β.
1617 5143 1985 5219 Augustinum
2030 5148 2085 5203 in

492 5233 634 5290 libro
674 5232 1145 5289 Retractationum
1178 5233 1294 5304 (lib.
1329 5251 1389 5303 ιι,
1427 5252 1545 5306 cap.
1593 5236 1683 5307 58)
1728 5253 1993 5304 asserere,
2027 5252 2087 5294 se

2193 4967 2306 5024 sias
2336 4968 2409 5025 sit
2438 4966 2850 5023 Simoniacum?
2884 4966 3036 5023 Unde
3064 4968 3157 5022 tibi
3186 4966 3260 5022 ita
3292 4969 3628 5039 respondere
3654 4985 3750 5040 pos

2187 5076 2334 5125 sum,
2367 5058 2495 5131 quia
2525 5059 2671 5130 apud
2700 5059 2957 5131 antiquos
2982 5075 3092 5114 non
3119 5059 3218 5125 ita,
3252 5070 3312 5114 ut
3340 5060 3528 5127 modo,
3557 5061 3749 5132 presby

2188 5151 2291 5209 teri
2331 5151 2594 5209 ecclesias
2619 5152 2943 5223 jamdudum
2972 5151 3207 5206 ordinati
3234 5151 3527 5221 acquirere
3554 5166 3753 5208 censue

2186 5253 2404 5312 verunt,
2434 5245 2527 5301 sed
2557 5245 2611 5300 in
2664 5246 2780 5312 ipsa
2830 5246 3173 5301 ordinatione
3226 5256 3579 5312 acceperunt.
3641 5244 3768 5300 Nam
