3986 5312
142 103 288 160 1237

1033 103 1313 162 APPEND.
1352 105 1442 162 Ill.
1479 135 1553 148 .-
1587 105 2023 164 MONUMENTA
2064 85 2528 166 cnsoonIANAL

3279 107 3418 166 1238

140 239 267 278 can.
316 221 372 293 6)
417 219 628 278 irritam
680 219 1077 277 ordinationem
1126 223 1418 294 cujuslibet
1455 223 1740 293 judicave-
1773 225 1816 282 Α
1842 225 2166 296 acquiritur,
2196 240 2228 280 a
2253 223 2314 279 Β.
2347 223 2564 280 Gelasio
2590 223 2646 280 in
2675 222 2906 282 decretis
2933 225 3050 282 suis
3093 223 3302 298 (1092),
3330 241 3424 281 ca-

142 323 298 382 runt,
330 314 424 387 qui
453 315 520 370 ad
551 322 762 369 certum
787 314 966 370 locum
995 315 1278 373 ordinatus
1307 332 1419 371 non
1466 316 1739 371 invenire-
1839 317 2015 388 pitulo
2038 318 2130 382 21,
2168 316 2544 373 Simoniacum
2589 332 2714 373 esse
2745 316 3043 388 iudicatur,
3075 332 3310 389 quorum
3342 326 3429 374 ta—

140 415 267 471 tur;
315 419 509 474 nempe
542 405 715 472 locus,
749 405 836 460 cui
881 405 1132 461 minister
1167 416 1285 461 erat
1311 405 1736 472 consecrandus,

141 497 201 550 in
234 496 434 568 primis
461 496 939 567 pronuntiabatur.
971 496 1170 568 Sicque
1193 497 1466 552 ordinatio
1503 495 1740 553 ministri

1842 426 1965 465 men
1996 411 2178 467 nullus
2204 427 2301 482 per
2328 425 2525 467 manus
2552 410 2957 482 impositionem
2988 412 3296 480 ordinatur,
3326 429 3429 470 nec

1844 503 1999 574 ipsis,
2030 513 2089 559 ut
2123 504 2246 560 aliis
2277 519 2475 560 manus
2503 504 2808 575 imponant,
2840 505 3178 562 conceditur.
3210 504 3268 560 Si
3297 520 3430 578 ergo

142 587 213 642 ad
243 587 588 660 designatum
629 587 811 642 locum
843 581 1161 644 solemniter
1197 588 1594 654 celebrabatur,
1635 587 1742 644 sic-
1843 601 2056 663 emptor
2083 593 2439 648 ecclesiastici
2467 592 2650 660 olIicii,
2682 594 2829 664 quod
2857 609 2954 664 per
2979 609 3178 650 manus
3205 594 3433 666 imposi-

142 694 206 738 ut
235 685 419 739 adhuc
457 685 510 739 in
542 684 885 740 ordinatione
922 685 1307 756 episcoporum
1339 685 1453 740 sive
1483 685 1742 740 abbatum
1843 685 2048 739 tionem
2086 699 2197 738 non
2229 683 2534 756 acquiritur
2581 700 2684 740 nec
2725 694 3030 753 exercetur,
3084 685 3434 743 Simoniacus

145 775 355 845 ubique
383 775 728 830 observatur.
765 775 906 831 Cum
946 777 1064 846 ipsa
1105 776 1451 832 ordinatione
1493 775 1745 830 minister
1845 791 1967 832 esse
1978 775 2286 846 judicatur;
2311 784 2518 847 quanto
2533 777 2708 848 magis
2728 777 3245 848 emptorpastoralis
3265 792 3433 844 curre,

145 868 602 925 incardinabatur
647 866 946 934 Ecclesia},
992 884 1094 924 nec
1138 868 1282 923 alius
1335 868 1385 923 ei
1432 867 1749 935 ecclesiam,

149 959 294 1038 alius
323 959 814 1025 consecrationem,
848 961 943 1018 sed
968 959 1111 1016 idem
1143 959 1259 1031 ipse
1284 961 1514 1016 contulit
1535 969 1747 1016 utrum-

149 1068 282 1124 que,
317 1062 372 1109 et
410 1053 599 1109 eodem
633 1062 910 1124 tempore;
957 1068 1060 1108 nec
1101 1053 1348 1123 plenaria
1387 1052 1749 1124 deputabatur

152 1145 454 1214 ordinatio,
503 1161 670 1216 quam
727 1162 838 1202 non
882 1145 1214 1217 praecederet
1261 1145 1366 1201 loci
1420 1145 1745 1216 designatio.

155 1233 317 1292 Unde
349 1244 407 1290 et
448 1236 590 1307 apud
618 1237 876 1308 antiquos
931 1235 1122 1292 Patres
1165 1251 1278 1292 non
1333 1246 1445 1292 tam
1497 1235 1751 1307 specialis

153 1328 456 1399 prohibitio
473 1328 609 1383 facta
626 1329 822 1401 legitur
837 1328 903 1383 de
917 1328 1194 1399 emptione
1206 1327 1574 1384 Ecclesiarum
1585 1371 1598 1394 ,
1614 1342 1752 1398 quas

157 1421 216 1475 in
248 1421 385 1492 ipsis
417 1420 856 1476 ordinationibus
884 1420 1332 1491 comprehensas,
1377 1427 1432 1474 et
1459 1435 1583 1473 cum
1620 1417 1754 1489 ipsis

157 1529 261 1585 per
280 1514 544 1585 pecunias
568 1513 800 1570 obtineri
843 1513 1149 1584 prohibitas
1186 1521 1474 1568 noverunt.
1516 1510 1584 1566 Et
1627 1526 1753 1567 cum

157 1615 375 1676 emptas
406 1606 778 1662 ordinationes
809 1603 1150 1661 Simoniacas
1171 1611 1505 1674 reputarent,
1523 1603 1758 1674 emptio-

166 1716 270 1756 nes
312 1698 671 1755 ecclesiarum
710 1698 902 1770 procul
931 1697 1097 1754 dubio
1122 1712 1233 1752 non
1261 1704 1614 1768 exceperunt,
1649 1695 1760 1751 imo

162 1809 270 1849 nec
294 1793 545 1863 excipere
570 1799 885 1864 potuerunt.

239 1887 332 1942 Ν.
367 1887 668 1959 Postquam
716 1899 900 1943 autem
963 1883 1370 1941 commendatio
1396 1881 1655 1939 Ecclesiae
1695 1881 1766 1936 ab

165 1981 290 2052 ipsa
318 1979 736 2036 consecratione
769 1977 824 2034 in
861 1986 1077 2034 tantum
1108 1976 1274 2048 coepit
1295 1975 1538 2046 separari
1565 1983 1625 2028 ut
1645 1980 1768 2044 post

167 2073 409 2129 multum
462 2081 676 2143 tempus
720 2069 994 2127 Ecclesias
1039 2069 1390 2140 acquirerent
1439 2066 1766 2138 jamdudum

169 2165 505 2231 consecrati,
536 2163 910 2226 necessarium
936 2161 1106 2233 (fuit),
1137 2170 1197 2217 ut
1231 2171 1286 2216 et
1319 2159 1543 2231 speciali
1565 2165 1770 2216 statuto

173 2259 561 2330 prohiberetur
598 2257 802 2329 emptio
828 2253 1222 2320 Ecclesiarum,
1256 2252 1400 2309 sicut
1425 2261 1480 2307 et
1526 2250 1771 2322 ipsarum

175 2351 679 2414 eonsecrationum,
713 2363 815 2404 nec
861 2362 1033 2403 unum
1079 2346 1285 2412 minus,
1319 2360 1486 2415 quam
1539 2345 1771 2398 alterum

177 2445 538 2500 damnaretur
564 2452 624 2498 ut
647 2441 1042 2516 Simoniacum.
1081 2438 1186 2494 Sed
1208 2436 1650 2495 consecrationes
1678 2449 1775 2504 per

179 2539 420 2609 pretium
444 2545 697 2606 acceptas
721 2534 819 2590 tibi
843 2534 1067 2602 Iconstat
1095 2546 1218 2586 esse
1245 2529 1616 2594 Simoniacas;
1640 2525 1776 2581 mihi

183 2638 371 2686 autem
383 2629 556 2686 nihilo
571 2630 754 2688 minus
774 2629 842 2682 de
859 2623 1353 2689 commendatione,
1369 2621 1420 2676 id
1443 2628 1547 2687 est,
1565 2619 1631 2674 de
1643 2631 1775 2674 cura

186 2723 499 2779 animarum
542 2720 730 2776 itidem
757 2717 994 2783 videtur,
1032 2715 1077 2772 si
1107 2730 1204 2786 per
1242 2712 1528 2784 pecuniam
1567 2709 1780 2765 obtine-

185 2825 300 2873 tur.
334 2813 476 2870 Nam
516 2813 704 2870 Simon
737 2810 950 2882 Magus,
979 2816 1038 2863 ut
1073 2807 1270 2878 legitur
1295 2805 1350 2860 in
1391 2803 1618 2860 Actibus
1645 2814 1780 2871 apo-

1849 867 1904 923 in
1935 883 2045 939 qua
2071 878 2151 925 tot
2177 884 2373 925 manus
2397 867 2776 939 impositiones
2799 867 3248 941 frequentantur?

1919 962 1986 1018 ν.
2030 961 2228 1020 Beatus
2261 977 2485 1035 quoque
2529 963 2835 1021 Alexander
2866 962 3069 1035 .papal
3105 963 3162 1018 in
3205 962 3440 1020 decretis

1852 1056 1968 1112 suis
1997 1055 2179 1127 (Lana.
2225 1065 2266 1112 t.
2293 1054 2334 1124 1,
2359 1071 2412 1127 p.
2442 1055 2568 1127 555)
2605 1053 2980 1111 Simoniacum
3005 1071 3128 1112 esse
3151 1054 3440 1126 judicavit,

1852 1149 1947 1219 qui
1973 1159 2263 1219 corruptus
2287 1148 2462 1220 pretio
2490 1147 2777 1219 pmnitenti
2814 1147 2957 1218 apud
2997 1147 3314 1219 episcopum
3339 1147 3440 1201 ob-

1853 1248 1982 1306 stat,
2023 1239 2106 1293 vel
2143 1239 2368 1310 adjuvat
2393 1239 2461 1293 ad
2509 1237 3032 1295 reconciliationem.
3090 1235 3149 1292 Si
3183 1253 3313 1309 ergo
3353 1236 3445 1291 ille

1857 1330 2206 1387 Simoniacus
2221 1330 2347 1401 jure
2369 1329 2590 1397 dicitur,
2622 1330 2717 1401 qui
2743 1330 2920 1400 pretio
2953 1338 3245 1400 corruptus
3285 1327 3449 1384 efﬁcit

1856 1432 1917 1478 ut
1941 1421 2032 1477 alii
2060 1421 2130 1477 ab
2150 1422 2408 1492 episcopo
2435 1436 2631 1477 manus
2657 1420 2989 1492 imponatur,
3027 1428 3234 1491 quanto
3270 1419 3449 1489 magis

1859 1513 1968 1581 ille,
1991 1514 2086 1586 qui
2111 1513 2214 1570 sibi
2233 1513 2336 1584 ipsi
2359 1513 2466 1569 tale
2487 1511 2722 1569 ofﬁcium
2754 1512 2930 1583 pretio
2964 1511 3199 1582 acquirit
3226 1519 3284 1566 ut
3317 1511 3450 1567 sub-

1791 1573 1834 1628 B
1860 1606 1990 1662 ditis
2008 1573 2210 1662 manus
2231 1573 2511 1676 imponere
2533 1573 2962 1675 possit?.Petrus
2982 1573 3308 1657 Albanensis
3330 1600 3448 1671 epi-

1862 1715 2063 1770 scopus
2088 1696 2294 1770 (1093),
2327 1696 2414 1752 vir
2444 1695 2597 1752 mira:
2619 1695 2928 1752 sanctitatis
2953 1703 3010 1751 et
3042 1693 3189 1760 fidei,
3225 1691 3450 1749 Petrum

1861 1789 2187 1862 Papiensem
2215 1788 2424 1860 judicio
2456 1787 2599 1859 ignis
2630 1785 3005 1843 Simoniacum
3032 1800 3154 1842 esse
3180 1785 3451 1856 probavit,

1864 1900 1931 1940 eo
1957 1883 2104 1954 quod
2133 1881 2511 1938 investituram
2537 1889 2750 1936 tantum
2781 1879 3128 1952 episcopatus
3161 1890 3262 1949 per
3289 1891 3457 1948 pecn-

1867 1977 2014 2032 niam
2031 1993 2062 2031 a
2078 1976 2219 2031 laico
2241 1974 2532 2044 acceperit.
2557 1971 2794 2043 Majores
2809 1971 2986 2028 nostri
3008 1969 3257 2042 synodali
3270 1967 3456 2041 (1094)

1863 2070 2071 2142 judicio
2116 2083 2216 2140 pro
2263 2066 2578 2122 Simoniaca
2628 2063 2825 2121 haeresi
2874 2063 3166 2134 deputasse
3204 2061 3462 2131 leguntur

1871 2165 2045 2234 (caus.
2073 2162 2125 2228 1,
2149 2177 2204 2232 q.
2220 2160 2272 2227 1,
2292 2175 2342 2216 c.
2359 2158 2507 2230 105),
2537 2158 2584 2214 si
2604 2155 2730 2228 quis
2758 2153 3047 2227 pecuniam
3072 2167 3173 2224 pro
3193 2151 3455 2207 chrisma-

1868 2267 1944 2322 te,
1967 2255 2052 2312 vel
2073 2253 2368 2325 haptismo,
2393 2251 2478 2307 vel
2500 2249 2888 2306 communione
2909 2248 3066 2304 daret
3087 2245 3173 2302 vel
3196 2245 3461 2316 exigeret.

1876 2348 1933 2403 Si
1966 2348 2132 2420 igitur
2167 2347 2285 2402 haec
2315 2342 2501 2399 omnia
2535 2339 2848 2396 Simoniaca
2884 2353 3007 2394 esse
3034 2351 3145 2392 non
3177 2349 3464 2406 negamus,

1874 2441 2060 2496 itidem
2085 2439 2153 2496 de
2181 2436 2456 2510 emptione
2486 2432 2857 2491 Eeclesiarum
2888 2429 3138 2501 judicare
3160 2442 3261 2483 cur
3299 2423 3468 2482 dubi-

1879 2541 2064 2589 tamus
2087 2532 2112 2585 ?
3070 2522 3075 2529 “

1947 2645 2038 2702 Vl.
2078 2643 2205 2702 Haec
2234 2643 2354 2712 tibi,
2395 2642 2564 2699 frater
2604 2638 2953 2705 charissime,
2983 2635 3053 2692 ad
3093 2648 3356 2706 prasens,
3401 2647 3440 2685 ιι

1879 2739 2055 2812 potui,
2090 2738 2223 2795 satis
2245 2736 2569 2794 festinanter
2608 2731 2821 2802 collegi.
2870 2729 2954 2785 Tu
2983 2737 3169 2785 autem
3197 2725 3330 2798 quid
3375 2723 3475 2780 tibi

1883 2834 1952 2889 de
1982 2831 2070 2888 his
2105 2829 2361 2887 omnibus
2381 2827 2654 2891 videatur,
2681 2821 2818 2879 mihi
2839 2820 3148 2887 rescribas;
3182 2817 3279 2874 sed
3309 2825 3363 2871 et
3391 2824 3473 2881 tu,

188 2910 484 2976 δίθιθτυων
511 2922 607 2977 per
632 2903 921 2976 pecuniam
947 2901 1194 2997 θδίίηθῗθ
1215 2897 1407 2997 “lu”,
1430 2911 1541 2997 "3“
1566 2903 1627 2950 ut
1651 2907 1784 2963 apo'
1809 2932 1851 2991 ε
1885 2925 1931 2982 si
1958 2923 2089 2997 quid
2118 2921 2258 2978 forte
2282 2921 2349 2978 de
2383 2918 2642 2991 praedicta
2670 2915 2974 2988 quastione
3012 2907 3478 2967 certius'invene-

191 3002 321 3061 stoli
358 3017 558 3057 manus
595 2999 646 3057 ei
675 2998 1039 3068 imponerent,
1072 2993 1167 3049 sed
1196 3001 1258 3046 ut
1287 2991 1403 3061 ipse
1430 2987 1554 3044 aliis
1583 2999 1784 3042 manus

195 3096 483 3165 imponere
512 3100 696 3164 posset
726 3090 867 3160 (Act.
891 3086 1032 3158 vm).
1059 3085 1159 3141 Cui
1189 3092 1372 3139 autem
1404 3079 1646 3137 Ecclesia
1671 3077 1788 3134 sive

193 3202 331 3243 cura
369 3185 682 3241 animarum
724 3179 1106 3245 committitur,
1136 3177 1309 3232 eidem
1353 3175 1519 3230 etiam
1546 3180 1788 3244 potestas

196 3293 402 3335 manus
437 3274 751 3347 imponendi
794 3286 960 3342 super
988 3268 1434 3332 catechumenos,
1471 3276 1791 3335 energume—

197 3387 308 3428 nos
346 3371 465 3426 sive
507 3369 753 3424 infirmos
783 3366 888 3424 sibi
919 3363 1246 3420 commissos
1279 3359 1614 3415 conceditur.
1657 3354 1793 3422 Quis

198 3482 333 3538 ergo
361 3466 470 3522 hoc
493 3463 866 3525 Simoniacum
891 3475 1012 3516 esse
1037 3457 1276 3529 negabit,
1307 3456 1352 3512 si
1383 3455 1508 3526 quis
1533 3453 1640 3510 tale
1674 3449 1792 3506 olli-

200 3560 354 3614 cium
388 3574 505 3629 ,per
549 3557 839 3628 pecuniam
887 3551 1222 3610 obtinuerit?
1263 3549 1530 3605 Praeterea
1558 3545 1796 3606 ofﬁcium

202 3651 451 3718 ostiarii,
500 3649 732 3716 notarii,
779 3647 893 3704 sive
931 3642 1256 3709 defensoris,
1293 3642 1338 3697 si
1370 3656 1466 3712 per
1508 3636 1794 3710 pecuniam

281 3827 472 3900 (1092)
509 3825 569 3882 ln
601 3841 812 3885 canone
837 3822 1038 3900 Gelasii
1069 3837 1220 3878 caus.
1256 3819 1308 3886 1,
1335 3834 1389 3888 q.
1417 3818 1470 3884 1,
1502 3832 1550 3872 c.
1579 3816 1612 3869 6
1649 3812 1798 3868 nulla

210 3895 462 3965 ostiarii,
481 3907 610 3966 etc.,
640 3900 698 3952 fit.
722 3895 948 3952 mentio.

289 3955 478 4040 (109$)
517 3955 612 4024 Est
643 3969 732 4024 hic
773 3967 862 4021 ille
913 3966 1143 4040 Petrus,_
1175 3968 1538 4040 cognomento
1560 3955 1802 4040 lgneus,

214 4033 391 4098 Vallis
429 4033 714 4094 Umbrosze
758 4046 889 4092 tunc
931 4035 1254 4100 monachus,
1302 4033 1369 4086 de

218 4094 347 4169 nius
373 4094 432 4164 in
454 4109 576 4165 Vita
603 4109 660 4165 S.
691 4109 919 4168 Joannis
946 4105 1222 4162 Gualberti
1242 4094 1392 4174 ’(ᾼεε.
1422 4094 1522 4174 SS.
1546 4097 1680 4174 δεῖς.
1708 4094 1804 4150 VI.

219 4168 230 4169 ί
261 4225 274 4238 .
312 4199 373 4248 ιι,
404 4197 459 4249 ι).
484 4182 591 4236 285
620 4189 674 4235 et
715 4179 912 4233 Annal.
951 4176 1170 4243 Bened.,
1206 4168 1341 4237 th,
1369 4189 1427 4244 p.
1453 4172 1528 4239 1).
1580 4168 1807 4223 Factum

217 4201 330 4309 ﬁoc
351 4254 520 4309 etiam
554 4251 720 4308 refert
748 4249 1072 4305 Bertholdus
1100 4246 1157 4300 in
1177 4245 1385 4300 Chron.
1408 4242 1476 4297 ad
1501 4257 1629 4309 ann,
1661 4236 1801 4293 1067

1891 3018 1992 3085 ris,
2017 3031 2234 3072 mecum
2275 3011 2683 3070 communicare
2727 3022 2839 3064 non
2882 3003 3145 3077 graveris.
3185 3000 3478 3057 Dominum

1893 3106 2187 3165 Metensem
2215 3105 2526 3178 episcOpum
2553 3111 2709 3158 tuum
2733 3099 2939 3174 (1095),
2969 3097 3080 3152 imo
3105 3103 3373 3158 nostrum,
3414 3107 3483 3146 ex

1895 3217 2017 3258 mea
2048 3208 2201 3272 parte
2226 3197 2507 3254 humiliter
2530 3196 2728 3261 saluta,
2756 3191 3045 3263 ipsumque
3065 3198 3127 3244 ut
3161 3187 3228 3243 de
3253 3186 3357 3240 hac
3392 3192 3483 3238 tua

1899 3293 2231 3366 quaestione,
2278 3290 2326 3347 si
2374 3289 2480 3347 ista
2529 3302 2640 3344 non
2687 3283 2992 3350 sulliciunt,
3033 3279 3253 3353 cogitet,
3293 3275 3484 3359 invita.

1901 3383 2304 3458 Omnipotentis
2339 3380 2437 3437 Dei
2471 3376 2849 3437 misericordia
2891 3389 3108 3446 semper
3147 3387 3245 3427 vos
3274 3367 3486 3424 incolu-

1901 3496 2038 3546 mes,
2062 3477 2347 3547 nostrique
2383 3487 2656 3530 memores
2690 3472 2746 3526 in
2783 3485 2886 3525 suo
2917 3474 3108 3524 sancto
3130 3462 3355 3520 servitio
3388 3474 3489 3515 cu-

1903 3572 2123 3640 stodiat,
2151 3567 2359 3627 domini
2392 3575 2449 3623 et
2479 3565 2669 3621 Patres
2692 3564 2750 3618 in
2775 3559 2996 3619 Christo
3021 3553 3409 3614 amantissimi.

1897 3819 1974 3866 ex
2002 3809 2254 3866 codicum
2280 3814 2597 3862 nostrorum
2629 3800 2752 3856 fide.
2795 3797 2994 3853 Factus
3013 3795 3076 3866 iis
3103 3792 3363 3866 deinceps

1909 3861 2193 3953 ban‘enrsi'sw
2202 3861 2512 3953 Episcopus.
2529 3873 2771 3953 _De_quo_
2785 3869 2927 3924 idem
2948 3865 3028 3953 ’δέ
3050 3861 3368 3953 ann.

2205 3928 2546 4034 iiibhrriensi
2572 3928 2798 4034 scilicet,
2819 3938 2966 4034 quo‘d
2984 3928 3499 4034 Herm‘a‘pgigus”

1913 3998 2599 4082 triéth's'in'Cii-Bhi'c'a"et
2640 3998 2856 4083 Pagius‘
2876 4009 2945 4064 ad
2970 4021 3099 4064 ann.
3139 4002 3278 4058 1035
3314 3998 3503 4070 refert,

1917 4096 2078 4167 cuius
2105 4101 2290 4167 tamen
2319 4090 2537 4145 decreta
2561 4082 3023 4167 intstciéle!“‘t‘s.
3165 4142 3309 4167 ,ωε

1989 4147 2178 4239 (1095)
2217 4161 2596 4217 Herm-annum
2623 4153 2893 4223 videlicet.
2921 4147 3046 4205 V’id.
3087 4147 3146 4203 in
3165 4147 3394 4202 monito.

263 4236 520 4309 ocretiam
554 4251 720 4308 refert
748 4249 1072 4305 Bertholdus
1100 4236 1388 4300 in'Chron:
1408 4242 1476 4297 ad
1490 4236 1629 4309 'ann,
1661 4236 1801 4293 1067
1843 4249 1888 4306 ι)

222 4341 3493 4432 Μ,

1393 4527 2355 4658 BERNALDI
2455 4521 2460 4526 ’

297 4767 453 4831 PRO
481 4768 858 4829 GEBHARDO.
891 4765 1220 4826 EPISCOPO
1255 4751 1806 4821 CONSTANTIENSI
1843 4743 2208 4804 ECCLESUE
2243 4739 2311 4798 IN
2350 4735 2587 4796 LOCUM
2624 4728 2927 4794 OTTONIS
2964 4711 3473 4785 EXAUCTORATI

1222 4848 1614 4915 PREFECTO
1652 4839 1993 4903 EPISTULA
2026 4830 2534 4895 APOLOGETICA.

1573 4985 1737 5059 (Post
1763 4992 1968 5039 annum
1995 4974 2186 5032 1088.)

1769 5121 1918 5141 -ι-

1677 5222 2093 5294 MONITUM.
