3986 5312
524 257 661 314 1259

1499 261 1593 315 AD
1630 260 1857 318 OPERA
1898 261 1955 317 S.
1994 259 2325 325 GREGORII
2363 259 2803 331 APPENDICES.

3643 248 3789 305 4240

521 357 650 441 pum
674 373 975 441 constituit,
1006 375 1083 430 uti
1114 375 1181 431 ad
1207 374 1369 431 tinem
1398 376 1528 431 anni
1552 376 1688 432 1084
1720 387 1909 433 narrat
1935 378 2240 435 Bernoldus
2262 379 2317 432 in
2337 377 2630 434 Chronico.
2657 372 2944 445 Displicuit
2970 371 3157 445 multis
3176 371 3293 427 htec
3312 366 3790 445 ordinatigqnqm

519 439 710 520 contra
735 458 925 520 eorum
952 439 1371 520 obtrectationes
1417 446 1519 502 hac
1558 444 1785 517 epistola
1817 448 2212 505 defendendam
2242 449 2481 520 suscepit
2517 439 2837 513 Bernaldus,
2881 444 3025 500 unde
3061 439 3507 498 Constantiensis

518 511 626 569 lata
654 514 951 584 plurimum
980 516 1344 571 illustrantur.

3669 437 3793 492 esi:

592 687 1058 744 Reverendissimo
1094 689 1396 757 sacerdoti,
1439 705 1505 746 ac
1544 661 1924 747 dilectissimo"
1945 690 2093 747 Patri
2132 699 2165 751 ιὶ
2265 690 2352 747 ill.
2380 690 2519 764 Ergo
2546 706 2655 747 non
2681 698 2872 746 contra
2898 702 3157 753 canones,
3189 685 3461 759 sedjuxta
3494 683 3793 740 canonicas

515 777 583 833 Β.
626 778 808 848 (1096)
839 778 898 831 Β.
933 779 1050 835 solo
1084 780 1306 837 nomine
1349 781 1630 853 presbyter
1674 796 1787 837 non
1825 782 2095 850 moribus,

514 885 630 924 suae
650 870 1046 941 qualiscunque
1070 873 1335 927 orationis
1357 873 1757 929 certitudinem.

585 960 625 1015 l.
661 959 877 1016 Jamdiu
916 971 1021 1029 est,
1060 962 1220 1018 Pater
1264 964 1671 1031 amantissime,
1710 980 1777 1019 ex
1810 981 1921 1036 quo
1964 965 2098 1021 mihi

513 1054 901 1122 conquerenda
925 1055 1156 1111 retulisti
1189 1055 1592 1112 oblocutionem
1622 1057 1988 1127 quorumdam
2031 1057 2098 1113 de

513 1144 856 1200 ordinatione
889 1146 1095 1201 domini
1130 1147 1304 1203 nostri
1351 1137 1790 1203 Constantiensis
1833 1147 2096 1219 episcopi,

512 1249 709 1306 meque
747 1236 843 1291 tibi
874 1238 1145 1293 rationem
1177 1248 1367 1295 contra
1393 1253 1587 1295 eorum
1614 1238 1978 1310 objectionem
2012 1256 2099 1295 re-

512 1326 804 1382 scribendo
843 1328 1191 1399 suppeditare
1230 1329 1456 1400 rogasti.
1510 1327 1615 1385 Sed
1652 1328 1783 1399 quia
1833 1337 1964 1385 tunc
1996 1344 2098 1400 pro

514 1425 756 1487 tempore
782 1418 1003 1475 brevius
1032 1421 1289 1491 respondi
1330 1420 1514 1492 (1097)
1540 1435 1705 1491 quam
1729 1435 1817 1475 res
1837 1420 2095 1491 exigeret,

512 1509 713 1564 iterum
740 1510 861 1577 tibi,
896 1511 1008 1568 imo
1042 1528 1144 1582 per
1173 1521 1225 1568 te
1258 1512 1366 1569 illis
1388 1513 1455 1569 de
1475 1513 1664 1569 eadem
1690 1530 1859 1571 causa
1882 1516 2096 1586 plenius

511 1598 831 1656 satisfacere
859 1617 967 1657 non
1002 1603 1166 1675 piget.
1566 1612 1575 1621 ‘

581 1691 645 1746 ll.
687 1691 745 1746 In
785 1694 978 1763 primis
1022 1695 1188 1767 igitur
1234 1695 1379 1762 volo,
1419 1704 1478 1752 ut
1530 1696 1607 1753 illi
1652 1698 1826 1756 nostri
1874 1698 2097 1755 oblocu-

511 1792 659 1839 tores
687 1799 913 1841 causam
959 1786 1247 1857 diligenter
1289 1788 1632 1859 investigent,
1678 1799 1733 1846 et
1768 1791 2096 1848 intellectam

505 1874 658 1943 juxta
688 1884 892 1932 statuta
935 1876 1034 1933 SS.
1080 1877 1305 1934 Patrum
1341 1879 1573 1937 fideliter
1622 1882 1938 1940 examinare
1978 1893 2099 1940 stu-

508 1966 715 2041 deant:
764 1976 820 2022 et
879 1975 1012 2023 tunc
1064 1969 1285 2025 demum
1317 2012 1332 2037 ,
1398 1970 1446 2026 si
1485 1971 1618 2042 quid
1684 1972 1738 2027 in
1796 1988 1859 2029 ea
1921 1974 2096 2031 sacris

509 2058 813 2115 canonibus
867 2060 1155 2116 adversum
1214 2062 1624 2132 perspexerint,
1676 2065 1939 2120 canonice
2004 2080 2095 2120 re-
2129 2036 2171 2092 Β

510 2149 870 2219 prehendam,
904 2152 951 2206 si
986 2153 1220 2222 possint.
1269 2152 1365 2209 Est
1414 2162 1598 2209 autem
1640 2171 1856 2212 summa
1903 2171 2097 2212 eorum

511 2239 777 2309 obloquii,
813 2251 875 2297 ut
928 2243 1184 2309 retulisti,
1245 2244 1392 2313 quod
1444 2244 1703 2302 dominus
1755 2244 1943 2305 noster
1988 2246 2097 2303 Ge-

508 2331 756 2388 bhardus
783 2343 905 2389 esse
948 2350 1059 2389 non
1104 2335 1301 2406 possit,
1333 2349 1402 2391 eo
1440 2336 1585 2408 quod
1611 2338 1949 2394 antecessori
1996 2353 2096 2394 suo

509 2422 695 2480 Ottoni
755 2426 935 2491 adhuc
984 2428 1109 2483 vivo
1153 2429 1481 2501 subrogatus
1529 2428 1710 2486 fuerit.
1773 2430 1880 2487 Sed
1944 2432 2091 2489 sacri

506 2507 751 2574 canones
771 2508 1088 2590 hujusmodi
1104 2520 1571 2592 subrogationem,
1598 2521 1851 2579 videlicet
1872 2530 1933 2578 ut
1954 2522 2097 2579 alius

510 2609 733 2666 cuilibet
759 2610 1009 2681 deposito
1040 2612 1385 2683 subrogetur,
1430 2612 1732 2683 saepissime
1761 2614 1922 2671 nobis
1954 2630 2096 2685 pra:-

514 2702 783 2771 scribunt,
809 2719 1043 2775 eamque
1065 2705 1361 2776 legitimam
1385 2721 1508 2761 esse
1531 2714 1696 2776 atque
1723 2707 2093 2763 authenticam

512 2793 720 2865 absque
758 2795 910 2851 omni
964 2796 1396 2852 contradictione
1434 2797 1792 2853 constituunt.
1831 2794 1922 2855 Sic
1965 2798 2093 2856 item

509 2895 763 2942 sanctum
820 2886 1487 2959 Constantinopolitanum
1512 2889 1827 2957 concilium,
1855 2905 2010 2961 teque
2035 2898 2098 2947 ut

510 2976 867 3048 Evangelium
920 2978 981 3032 B.
1035 2978 1321 3050 Gregorio,
1352 2986 1643 3035 attestante
1700 2980 2091 3048 venerandum,

507 3067 747 3124 Maximo
805 3068 1411 3141 Constantinopolitano
1467 3071 1790 3140 patriarchae
1845 3071 2093 3142 deposito

508 3158 571 3214 B.
606 3158 923 3216 Nectarium
964 3161 1300 3233 subrogavit.
1345 3159 1534 3216 Itidem
1575 3170 1826 3218 sanctum
1862 3161 2090 3219 Chalce-

512 3249 756 3306 donensc
776 3250 1088 3315 concilium,
1117 3251 1301 3306 itidem
1324 3249 1615 3324 Evangelia
1638 3252 2088 3323 comparandum,

514 3338 778 3396 Dioscoro
810 3341 1177 3397 Alexandrino
1193 3341 1518 3413 patriarchae
1548 3342 1807 3401 damnato
1826 3342 1884 3399 S.
1900 3343 2091 3400 Prote-

507 3431 653 3486 rium
677 3432 917 3488 decrevit
955 3433 1394 3489 substituenduum
1427 3432 1631 3505 (1098).
1674 3433 1767 3491 Sic
1798 3434 1859 3490 B.
1887 3435 2093 3508 Grego—

511 3522 628 3579 rius
654 3524 708 3577 in
738 3522 990 3595 Registro
1022 3540 1123 3580 suo
1149 3525 1335 3581 multis
1356 3525 1614 3595 depositis
1633 3526 1773 3583 alios
1795 3528 2092 3600 subrogare

507 3617 786 3685 praecepit.
829 3615 920 3672 Sic
956 3615 1283 3675 Ilincmarus
1326 3616 1620 3673 Remorum
1647 3620 2091 3692 archiepiscopus

512 3705 724 3760 Ebboni
759 3706 1008 3778 deposito
1041 3708 1408 3764 substituitur.
1442 3707 1532 3765 Sic
1559 3718 1614 3766 et
1641 3710 1697 3765 in
1733 3719 1922 3770 nostro
1952 3721 2089 3768 tem-

506 3811 640 3866 pore
683 3796 992 3854 Ruobertus
1040 3798 1490 3871 Babinbergensis
1535 3800 1826 3872 episcopus
1872 3801 2087 3875 (1099)

505 3884 818 3943 Hermanno
859 3888 1119 3943 damnato
1149 3889 1494 3961 subrogatur.

578 3999 761 4073 (1096)
798 4000 881 4055 An
912 4000 1092 4057 littera
1119 4001 1341 4061 initialis
1372 4001 1445 4073 Β.
1475 4001 1677 4059 indicet
1718 4002 2085 4072 Reecbonem,

505 4070 573 4125 ad
589 4070 916 4143 ’quemqsunt
956 4087 1121 4143 supra
1161 4074 1343 4128 relata:
1368 4072 1619 4129 Bernaldi
1662 4074 1926 4143 epistolae,
1971 4070 2087 4131 sta!-

501 4150 656 4267 316:8
688 4141 880 4209 nolim,
904 4141 1155 4213 quamvis
1192 4143 1245 4198 id
1281 4157 1410 4199 vero
1442 4141 1734 4200 admodum
1779 4146 1959 4203 simile
2002 4146 2086 4200 vi-

544 4227 606 4266 ea
637 4227 718 4265 ur.

576 4280 761 4422 (1097)
794 4280 1035 4353 Deperiit
1057 4283 1176 4366 hoc.
1186 4283 1348 4339 breve
1374 4298 1720 4367 responsum.

602 4351 738 4406 1098
797 4351 876 4407 ita
899 4363 953 4408 ct
986 4352 1270 4422 Evagrius,
1300 4354 1553 4410 Fleurius
1583 4370 1715 4410 vero

602 4351 761 4423 1098)
797 4351 953 4425 ita—ct
986 4352 1270 4425 Evagrius,
1300 4351 1553 4425 Fleurius
1583 4370 1715 4410 vero
1757 4351 1894 4410 Hist.
1936 4351 2083 4411 Eccl.

500 4422 539 4477 l.
564 4437 757 4497 xxvnt,
794 4423 822 4495 §
865 4425 954 4497 55,
977 4422 1420 4497 subrogationem
1446 4424 1676 4497 Proterii
1700 4434 1937 4497 quatuor
1961 4434 2084 4481 tan-

503 4502 621 4564 tum
644 4493 942 4564 episcopis,
966 4509 1076 4549 non
1101 4493 1200 4549 toti
1227 4496 1459 4550 concilio
1480 4495 1689 4551 tribuit.

489 4598 496 4603 -
567 4561 761 4684 (1099)
792 4561 1138 4646 Hermannus
1171 4565 1390 4646 quidem
1441 4582 1473 4620 a
1523 4564 1786 4648 Gregorio
1829 4564 1924 4618 VII
1951 4582 2081 4621 ann.

502 4632 572 4684 10
609 4633 643 4684 5
673 4634 744 4684 ob
786 4632 1086 4684 Simoniam
1133 4636 1415 4684 denositns
1462 4644 1564 4684 est-
1611 4651 1771 4684 etaim
1809 4633 2081 4684 Rnnertus

502 4632 750 4707 107590⁷
786 4632 1086 4689 Simoniam
1133 4632 1415 4705 depositus
1462 4644 1565 4707 est,
1611 4632 1771 4707 eique
1809 4633 2085 4707 Rupertus

502 4703 852 4785 substitutus,
882 4721 990 4758 non
1021 4698 1268 4785 tamen'a
1305 4720 1467 4776 papa,
1498 4698 1592 4785 sed
1617 4722 1655 4785 a_
1679 4698 1804 4778 rege
1854 4698 2085 4785 Henrico
2119 4731 2164 4785 Ι)

503 4774 783 4848 obtrusus,
815 4791 942 4843 pene
969 4777 1111 4848 omni
1133 4775 1278 4848 εισι-ο
1309 4774 1392 4848 Δ(τί
1413 4776 1605 4848 ροραέρ
1636 4774 1899 4848 ingratus,
1927 4786 1988 4831 ut
2016 4779 2084 4833 ad

500 4843 653 4897 illum
686 4859 889 4898 annum
926 4846 1114 4900 scribit
1133 4843 1430 4901 Bernoldus
1453 4843 1506 4901 in
1529 4843 1801 4902 Chronico
1821 4847 2082 4903 auctiore.

574 4913 765 4987 (1100)
787 4914 919 4987 Acta
944 4912 1118 4987 hujus
1147 4916 1361 4977 concilii
1386 4916 1618 4987 Romani
1642 4918 1697 4986 in
1721 4916 2087 4987 Quadragesi-

500 4999 592 5037 ma
638 4984 895 5038 celebrati
939 4984 1071 5041 fuse
1104 4986 1363 5041 describit
1405 4984 1707 5043 Bernoldus
1760 4984 1975 5044 auctior
2028 4988 2085 5042 in

498 5053 796 5125 Ghronico,
848 5055 1032 5110 utizet
1082 5055 1436 5125 praecedentis
1485 5057 1573 5112 die
1623 5056 1696 5112 ‘25
1740 5056 1988 5113 Januarii
2016 5059 2086 5112 ab

500 5122 738 5196 llenrico
765 5138 909 5196 rege
947 5133 1001 5179 et
1040 5122 1310 5196 epismpis
1357 5126 1720 5196 schismaticis
1767 5126 2086 5183 Wormatize

501 5192 693 5267 habiti,
723 5192 816 5246 ubi
852 5192 1315 5267 temerarioqausu
1348 5195 1672 5267 Gregorium
1706 5213 1737 5253 a
1763 5199 2081 5267 pontificatu

499 5263 792 5312 denonere.
817 5262 975 5312 eimle
1011 5265 1370 5312 obedientiam
1400 5262 1561 5312 etiam
1594 5262 1797 5312 scr-int}.
1815 5269 2082 5312 dammam

2200 784 2514 840 sanctiones
2558 790 2747 839 noster
2788 780 3100 852 episcopus,
3142 778 3339 836 Ottonc
3358 777 3639 849 deposito,
3674 776 3795 831 licet

2200 873 2379 929 adhuc
2399 873 2546 939 vivo,
2581 873 2954 929 substituitur.
2988 870 3162 939 Quam
3192 871 3460 926 canonice
3494 878 3686 924 autem
3714 868 3793 924 vel

2200 980 2301 1036 pro
2349 964 2549 1036 quibus
2597 964 2781 1020 causis
2836 962 2963 1019 Otto
3012 952 3329 1034 perpetuam
3380 962 3794 1018 damnationem

2200 1054 2448 1118 subierit,
2477 1061 2538 1108 ut
2562 1063 2617 1109 et
2646 1062 2833 1109 noster
2879 1053 3166 1123 episcopus
3206 1052 3475 1107 canonice
3515 1051 3569 1107 ei
3603 1066 3793 1105 succe-

2199 1143 2329 1200 dere
2348 1143 2606 1214 potuerit,
2632 1142 2848 1215 plenius
2867 1150 2922 1198 et
2961 1158 3060 1215 per
3087 1143 3337 1199 ordinem
3363 1143 3619 1214 digerere
3645 1142 3792 1207 libet,

2184 1244 2470 1308 quatenus
2510 1237 2616 1294 illis
2654 1236 2859 1293 nostris
2891 1235 3302 1292 oblocutoribus
3330 1237 3483 1290 nulla
3530 1236 3793 1306 deinceps

2198 1325 2470 1382 dubitatio
2497 1326 2853 1396 subrepatvel
2879 1325 2947 1382 de
2970 1326 3116 1382 illius
3139 1325 3531 1382 irretractabili
3557 1326 3791 1381 damna-

2197 1418 2367 1487 tione,
2394 1419 2479 1474 vel
2507 1419 2573 1474 de
2599 1419 2759 1474 istius
2785 1418 3051 1474 canonica
3088 1418 3501 1490 subrogatione.

2269 1507 2359 1564 IV.
2393 1509 2553 1565 Anno
2602 1508 2901 1565 Dominica:
2949 1507 3348 1563 Incarnationis
3390 1507 3533 1562 1076
3585 1506 3788 1575 (1100),

2199 1597 2389 1654 indict.
2426 1615 2518 1667 xv,
2574 1598 2630 1654 in
2687 1598 2862 1669 prima
2916 1597 3255 1653 bebdomada
3317 1596 3791 1668 Quadragesim,

2199 1690 2496 1763 Gregorius
2517 1706 2658 1763 papa
2670 1690 2761 1745 Vll
2783 1690 3021 1763 generali
3048 1691 3257 1763 synodo
3269 1688 3461 1745 flama:
3480 1689 3537 1743 in
3562 1689 3789 1743 ecclesia

2202 1781 2502 1840 Salvatoris
2526 1784 2847 1855 praesidens,
2879 1781 3135 1838 Ottonem
3163 1782 3657 1837 Constantiensem
3679 1782 3789 1851 epi-

2198 1891 2425 1947 scopum
2452 1874 2701 1948 synodali
2721 1874 2931 1945 judicio
2962 1873 3140 1929 olIicio
3163 1882 3218 1931 et
3245 1873 3649 1929 communione
3676 1874 3785 1943 pri-

2197 1968 2364 2035 vavit,
2400 1982 2467 2022 eo
2496 1967 2642 2039 quod
2666 1967 2780 2038 ipse
2803 1982 2927 2023 cum
2952 1965 3177 2036 reliquis
3201 1964 3581 2021 schismaticis
3604 1976 3788 2021 contra

2197 2059 2553 2131 apostolicam
2608 2059 2792 2115 sedem
2853 2059 3205 2128 conspirasse
3248 2058 3439 2114 missis
3493 2058 3697 2114 litteris
3739 2051 3789 2111 et

2196 2152 2418 2223 prepria
2445 2149 2849 2222 subscriptione
2871 2148 3321 2205 manifestaverit.
3346 2148 3406 2204 In
3429 2166 3546 2221 qua
3569 2150 3785 2219 conspi-

2196 2244 2408 2299 ratione
2436 2242 2577 2299 idem
2604 2243 2721 2314 ipse
2745 2243 2919 2299 multo
2941 2242 3202 2299 audacius
3230 2242 3460 2313 reliquis
3498 2241 3786 2314 conspira-

2197 2335 2409 2390 toribus
2430 2342 2623 2391 contra
2645 2331 2952 2389 Romanum
2977 2334 3288 2404 pontiﬁcem
3319 2333 3610 2399 insanivit,
3634 2350 3779 2403 eum-

2196 2440 2302 2498 que
2326 2426 2470 2497 apud
2508 2425 2824 2481 saecularem
2851 2423 3151 2496 principem
3178 2425 3402 2495 speciali
3432 2426 3785 2481 accusatiore

2195 2518 2591 2575 contumaciter
2622 2517 2884 2587 impetere
2926 2517 3296 2587 praesumpsit,
3322 2516 3584 2572 videlicet
3623 2532 3781 2572 accn-

2195 2624 2325 2665 saus
2366 2623 2493 2665 eum
2519 2608 2666 2680 quod
2700 2606 2999 2678 episcopali
3041 2620 3168 2663 eum
3226 2608 3437 2664 honore
3467 2610 3779 2680 privaverit,

2194 2714 2262 2757 eo
2291 2700 2438 2771 quod
2468 2700 2642 2756 laicos
2682 2699 3066 2756 damnatorum
3114 2697 3293 2754 ofﬁcia
3334 2700 3778 2773 presbyterorum

2196 2790 2437 2862 recipere
2458 2791 2543 2845 vel
2568 2790 2649 2846 eis
2672 2788 2894 2846 obedire
2921 2788 3265 2860 prohibuerit
3290 2788 3500 2861 (1101).

2267 2880 2330 2938 ν.
2354 2882 2617 2939 Dominus
2641 2891 2823 2939 tamen
2853 2896 2993 2952 papa
3020 2882 3193 2936 multo
3212 2881 3635 2939 misericordius
3659 2894 3776 2937 eum

2193 2975 2447 3033 tractavit
2514 2989 2682 3044 quam
2740 2973 3005 3028 meruerit
3030 2990 3045 3027 :
3067 2987 3193 3027 nam
3248 2973 3426 3029 misso
3480 2974 3777 3029 venerabili

2194 3065 2488 3120 Altmanno
2509 3063 2818 3119 Pataviensi
2841 3062 3102 3135 episcopo
3132 3063 3308 3119 eidem
3338 3062 3396 3117 in
3427 3064 3777 3135 subsequenti

2193 3165 2457 3213 autumno
2481 3156 2624 3228 apud
2648 3153 2864 3211 Ulmam
2904 3153 3089 3226 (1102)
3120 3155 3223 3211 sub
3251 3155 3551 3226 praesentia
3577 3157 3776 3210 multo—

2192 3267 2316 3306 rum
2339 3252 2780 3307 communionem
2810 3251 2985 3307 solam
3031 3250 3239 3322 absque
3284 3249 3466 3306 ofﬁcio
3513 3240 3775 3306 reddidit:

2194 3342 2339 3412 quod
2376 3350 2556 3398 tamen
2601 3342 2691 3397 ille
2742 3349 2933 3398 contra
2983 3350 3311 3412 praeceptum
3365 3340 3578 3397 domini
3632 3355 3780 3411 papa:

2195 3446 2369 3502 usque
2394 3432 2461 3487 ad
2488 3432 2650 3487 linem
2673 3433 2800 3487 vita:
2818 3446 2933 3487 suae
2959 3447 3067 3487 non
3088 3432 3627 3503 cessavitusurpare.
3644 3430 3773 3486 Nam

2159 3523 2162 3525 Α
2191 3522 2450 3578 dominus
2478 3538 2616 3593 papa
2651 3538 2933 3593 nunquam
2960 3531 3148 3593 postea
3185 3521 3235 3577 ei
3259 3521 3496 3578 ofﬁcium
3525 3523 3771 3589 reddidit,

2192 3614 2335 3672 sicut
2379 3615 2493 3686 ipse
2538 3629 2679 3686 papa
2728 3615 3148 3686 quampluribus
3189 3614 3316 3670 inde
3367 3614 3773 3671 sciscitantibus

2191 3708 2493 3778 saepissinw
2537 3708 2727 3764 retulit
2778 3716 2987 3778 postea.
3038 3707 3121 3763 Ad
3163 3708 3283 3763 hinc
3330 3707 3477 3763 idem
3528 3705 3660 3763 Otto
3687 3706 3771 3761 Si-

2191 3800 2457 3857 moniacis
2484 3809 2540 3856 et
2577 3800 3042 3857 incontinentibus
3081 3798 3414 3871 presbyteris
3453 3807 3650 3855 contra
3684 3814 3769 3869 sy-

2190 3893 2386 3949 nodale
2436 3893 2715 3950 decretum
2776 3891 2985 3948 domini
3033 3890 3347 3962 apostolici,
3410 3892 3527 3946 imo
3591 3898 3768 3947 contra

2190 4008 2352 4063 ﬁdem
2399 4007 2717 4074 tribuimus,
2766 4006 2863 4077 qui
2906 4005 3051 4061 inter
3096 4004 3494 4077 prmcedentem
3545 4005 3767 4077 decretis

2190 4079 2306 4134 suis
2340 4078 2660 4149 denegatam
2707 4076 3153 4149 inobedientiam,
3199 4076 3273 4149 ob
3323 4091 3492 4149 quam
3530 4076 3767 4145 privatus

2188 4145 2566 4219 priore‘an'no
2606 4148 2804 4215 fuerat,
2844 4157 2899 4204 et
2927 4145 3391 4219 conspirationem
3450 4145 3563 4201 hoc
3609 4160 3766 4219 anno,

2187 4216 2334 4344 Stude
2388 4217 2615 4343 instuper
2666 4218 3001 4274 anathemati
3047 4216 3327 4287 subjectus
3386 4224 3512 4283 est,
3577 4216 3772 4287 optime

2226 4304 2274 4344 IS
2302 4305 2450 4344 manu
2483 4330 2496 4343 .

2226 4289 2496 4344 istintmit.

2260 4348 2444 4441 (1101)
2466 4437 2474 4441 _
2496 4356 2596 4414 Hic
2646 4358 2828 4441 aliqua
2863 4348 3275 4441 desiderantur;
3306 4355 3592 4441 caritatis
3630 4356 3768 4441 enim

2188 4426 2435 4501 Gregorii
2459 4437 2582 4501 tam,
2606 4429 2673 4483 ad
2698 4426 2958 4501 Ottonem‘
2967 4443 3137 4501 quam
3170 4428 3239 4483 ad
3269 4426 3768 4501 subjecto§,_eidem

2169 4497 2434 4570 epistolis
2483 4500 2625 4556 satis
2673 4508 2888 4556 constat
2923 4497 3079 4553 illum
3118 4506 3404 4570 propte_rea
3449 4497 3629 4570 ofﬁcio
3676 4510 3770 4570 suo

2187 4566 2360 4625 fuisse
2386 4578 2620 4635 motum,
2648 4570 2797 4640 quod
2822 4570 3040 4625 decreta
3070 4566 3263 4639 svnodi
3293 4566 3558 4640 Romanae.
3588 4567 3656 4640 de
3693 4567 3771 4640 in-f

2187 4640 2596 4723 continentibus
2634 4636 2967 4723 presbyteris
3012 4636 3312 4720 eorumque
3360 4636 3555 4692 ofﬁciis
3594 4708 3608 4723 ι
3632 4636 3769 4718 haud

2194 4708 2519 4793 recipiendis
2555 4708 2977 4792 contempserit;
3017 4709 3240 4791 minime
3281 4723 3412 4763 vero
3458 4708 3612 4777 quod
3662 4708 3771 4777 ipse

2193 4779 2321 4860 Otto
2332 4781 2475 4860 talia
2483 4781 2842 4860 prohibuerit
2854 4799 2870 4860 ξ
2885 4795 3009 4851 qua:
3034 4779 3275 4860 adeoinc
3297 4778 3602 4860 supplenda
3628 4784 3765 4860 sunt.

2265 4851 2448 4924 (1102)
2477 4847 2826 4924 concordant
2853 4847 3116 4924 1153921111]
3154 4849 3260 4904 illis
3299 4847 3613 4924 quaénidern
3649 4847 3771 4924 Ber-

2195 4917 2389 4978 naldus
2419 4917 2631 4976 auctior
2656 4921 2725 4977 ad
2753 4937 2882 4976 ann.
2932 4919 3090 4985 1076,
3122 4933 3284 4987 supra
3314 4917 3370 4987 p.
3412 4918 3484 4973 57
3516 4917 3685 4973 refert
3705 4917 3767 4972 de

2192 4993 2463 5062 episc0pis
2488 4992 2541 5046 in
2563 5002 2831 5048 conventu
2848 4989 3187 5062 TriburieQSi
3206 5004 3301 5058 per
3322 4989 3535 5062 legatos
3557 4997 3768 5062 aposto-

2192 5056 2326 5118 licos
2347 5056 2754 5134 reconciliatis,
2769 5061 2861 5134 ubi
2885 5056 3358 5134 pariter_Qttonem
3382 5056 3767 5134 Constantiam-

2190 5149 2305 5189 sem
2341 5131 2509 5187 Ulmw
2544 5128 2952 5188 reconciliatum
2981 5128 3187 5195 scribit,
3214 5143 3314 5198 pro
3345 5144 3458 5198 quo
3485 5128 3767 5183 Hansizius

2190 5204 2235 5283 ρ
2284 5201 2325 5269 1,
2365 5200 2539 5283 Gcrnt.
2573 5201 2752 5283 Sa‘c'rq
2797 5218 2874 5283 ρ..
2904 5200 3036 5281 204)
3060 5213 3341 5280 perperam
3382 5199 3532 5283 legit
3560 5198 3760 5252 ultimo.

2191 5273 2390 5312 Rmrm-g
2437 5272 2581 5312 anim
2632 5271 2907 5312 Illmpﬁcia
2954 5271 3259 5312 nrinnimlm
3297 5278 3608 5312 conventus
3634 5283 3763 5312 nm
