3986 5312
1073 329 1367 390 ΔΡΡΕΝΙ).
1400 333 1489 389 III.
1528 361 1601 376 --
1637 324 1824 388 MONU
1850 331 2067 388 ιιΕΝΤᾹ
2105 332 2574 391 GBEGORIANA.

3330 328 3471 388 1946

190 449 421 509 Ροιωιεν
462 452 568 498 WB
594 440 1161 513 “Incolumes
1205 448 1495 519 nostrique
1515 461 1789 504 memores
1818 447 1863 503 Δ
1957 444 2048 502 IV.
2088 447 2228 503 Cum
2259 447 2426 519 igitur
2461 444 2763 518 presbyteri
2790 453 2847 502 et
2885 442 3127 515 episcopi
3168 441 3471 514 antiquitus

188 537 662 635 protegatstque
695 533 1001 603 custodiat,
1032 536 1563 596 ﬂutant
1588 539 1784 598 Patres

191 622 588 680 amantissimi.

193 770 401 812 INCIPIT
430 774 610 816 υτιιιε
635 776 950 819 DESCRIPTIO
979 778 1045 819 DE
1074 779 1524 822 PIIESBYTEROBUI
1552 781 1778 823 OFFICIO.

267 867 336 923 II.
376 868 437 925 Β.
466 870 670 929 Paulus
690 875 969 945 apostolus
992 874 1048 930 in
1075 876 1319 947 epistolis
1345 878 1463 935 suis
1483 878 1780 935 evidentis-

193 960 342 1017 sime
371 964 529 1020 nobis
546 968 871 1036 praescribit,
894 970 1039 1038 quod
1062 970 1205 1040 apud
1226 971 1479 1042 antiquos
1502 972 1782 1044 presbyter

191 1060 253 1107 et
285 1054 577 1127 episcopus
607 1056 750 1113 idem
790 1058 1011 1116 fuerint.
1043 1059 1300 1119 Scribens
1327 1063 1474 1119 enim
1501 1064 1568 1118 ad
1598 1062 1779 1119 Titum

191 1144 266 1199 de
304 1146 650 1205 ordinatione
686 1149 1071 1222 episcoporum
1102 1153 1365 1225 praecipit,
1395 1162 1457 1210 ut
1484 1156 1782 1213 constituat

192 1249 299 1305 per
324 1236 569 1310 singulas
595 1240 842 1300 civitates
880 1244 1254 1318 presbyteros;
1290 1256 1345 1302 et
1372 1246 1556 1302 statim
1588 1249 1779 1318 quales

191 1328 432 1387 debeant
478 1332 720 1390 ordinari
768 1334 1042 1392 subnectit
1083 1336 1314 1394 dicens:
1377 1338 1595 1408 Oportet
1639 1340 1779 1397 enim

190 1422 497 1494 episcopum
516 1424 1021 1497 irreprehensibilem
1044 1446 1154 1485 esse
1175 1429 1305 1502 (Tit.
1336 1429 1397 1502 ι).
1428 1428 1560 1486 Item
1590 1430 1777 1487 Timo-

192 1514 325 1569 theo
350 1516 573 1573 scribit:
608 1517 739 1574 Noli
773 1520 1032 1593 negligere
1060 1522 1291 1594 gratiam
1328 1538 1446 1596 qua
1482 1524 1539 1577 in
1571 1532 1620 1577 te
1676 1532 1775 1590 est,

189 1621 314 1676 qua
337 1607 468 1663 data
486 1619 564 1665 est
593 1611 689 1666 tibi
704 1629 796 1683 per
814 1614 1144 1685 prophetiam
1165 1632 1283 1669 cum
1304 1615 1637 1686 impositione
1662 1631 1778 1669 ma-

190 1714 360 1752 nuum
383 1701 694 1773 presbyterii
724 1704 779 1776 (Ι
806 1703 943 1761 Tim.
982 1705 1078 1778 tv).
1108 1705 1210 1762 Cui
1239 1707 1423 1763 statim
1452 1708 1508 1763 in
1537 1723 1775 1779 sequen-

1883 536 2029 592 idem
2071 536 2244 593 fuisse
2270 538 2536 607 legantur,
2567 535 2734 591 etiam
2768 534 3017 590 eamdem
3056 531 3261 605 ligandi
3303 540 3469 602 atque

1870 621 3468 696 “Wdemmcepimpisspecia-

1882 717 1954 772 lia
1988 717 2249 773 habuisse
2271 732 2381 772 non
2414 717 2756 773 dubitantur.
2796 715 3096 785 Postquam
3131 721 3313 769 autem
3343 729 3463 783 pre-

1882 807 2085 879 sbyteri
2109 808 2180 863 ab
2208 807 2504 878 episcopali
2537 806 2857 863 excellentia
2882 805 3113 862 cohibiti
3154 811 3304 869 sunt,
3354 816 3467 858 ca:-

1881 897 2060 968 piteis
2080 911 2190 952 non
2230 897 2395 952 licere
2428 898 2575 968 quod
2599 898 2771 964 licuit,
2812 896 3063 952 videlicet
3101 894 3248 966 quod
3288 893 3466 948 eccle-

1881 990 2102 1047 siastica
2133 989 2434 1045 auctoritas
2482 989 2617 1046 solis
2658 988 3006 1061 pontiﬁcibus
3051 985 3462 1057 exsequendum

1880 1080 2165 1152 delegavit,
2204 1079 2259 1135 id
2297 1088 2402 1146 est,
2443 1078 2841 1136 coniectionem
2887 1078 3225 1145 chrismatis,
3268 1092 3461 1134 conse-

1880 1171 2179 1227 crationem
2202 1170 2499 1242 virginum,
2522 1170 3018 1227 reconciliationem
3057 1169 3460 1241 paenitendum,

1878 1272 1935 1319 et
1959 1263 2067 1318 alia
2103 1262 2437 1333 hujusmodi,
2464 1276 2587 1332 quae
2609 1269 2812 1318 statuta
2845 1259 3072 1317 Patrum
3092 1258 3462 1316 eisinterclu—

1879 1352 2033 1407 dunt.
2057 1349 2191 1429 Nam
2220 1349 2652 1422 Carthaginense
2690 1351 3008 1417 concilium,
3041 1350 3131 1405 cui
3165 1348 3226 1404 Β.
3273 1347 3461 1419 Augu-

1879 1443 2056 1499 Stiuus
2079 1441 2344 1510 interfuit,
2366 1440 2605 1511 capitulo
2657 1440 2691 1497 6
2718 1441 2947 1513 (Lam,
2970 1451 3010 1497 t.
3042 1439 3458 1511 II,pag.I052),

1878 1536 2205 1607 presbyteris
2240 1535 2513 1592 interdicit
2543 1535 2855 1593 chrismatis
2894 1535 3312 1601 coniectionem,
3338 1550 3459 1605 pd:-

1879 1628 2168 1683 nitentium
2215 1627 2737 1695 reconciliationem,
2782 1629 3052 1700 virginum
3087 1626 3457 1683 consecratio-

1877 1733 2024 1773 nem.
2047 1717 2282 1775 Sanctus
2336 1734 2553 1792 quoque
2584 1718 2855 1775 Eusebius
2890 1720 2946 1774 in
2970 1718 3207 1774 decretis
3247 1718 3363 1773 suis
3386 1717 3458 1772 22

188 1791 343 1847 tibus
358 1792 876 1852 dicitzNeminicito
893 1799 1502 1871 manumimposueris(l
1528 1799 1663 1855 Tim.
1686 1800 1773 1871 v):
1810 1788 1853 1843 Β
1880 1810 2054 1883 (διῄει,
2103 1810 2164 1874 5;
2215 1788 2401 1877 ιηιιξ,
2442 1788 2485 1865 t:
2533 1807 2584 1877 ι,
2613 1826 2736 1882 pag.
2778 1810 2959 1881 1392),
2987 1808 3455 1864 conﬁrmationem

186 1886 337 1955 quod
368 1889 590 1960 proprie
635 1899 720 1947 est
750 1890 1012 1963 episcopi.
1054 1891 1114 1948 In
1160 1892 1247 1949 bis
1269 1893 1451 1949 verbis
1483 1893 1778 1965 Apostolus

186 1980 325 2037 satis
341 1992 527 2053 aperte
548 1985 759 2042 notavit
773 1987 921 2059 quod
935 1988 1236 2060 antiquitus
1259 1990 1400 2046 idem
1421 1991 1703 2063 presbyter
1722 2000 1778 2048 et

184 2079 482 2152 episcopus
507 2081 730 2152 fuerint,
756 2084 913 2155 juxta
941 2086 1087 2156 quod
1106 2086 1168 2142 Β.
1199 2086 1525 2143 Ambrosius
1552 2096 1607 2142 et
1644 2084 1774 2143 Hic-

184 2189 453 2247 ronymus
496 2179 749 2235 eumdem
787 2179 1110 2251 Apostolum
1151 2180 1206 2236 in
1246 2181 1451 2239 eisdem
1490 2185 1776 2240 sententiis

181 2268 537 2324 commentati
575 2278 722 2325 sunt.
753 2269 899 2326 Idem
922 2272 978 2327 in
1005 2271 1246 2343 Epistula
1279 2272 1347 2330 ad
1375 2270 1772 2345 Philippenses,

181 2358 536 2431 presbyteros
580 2362 684 2419 sub
731 2363 954 2421 nomine
1001 2365 1383 2437 episcoporum
1424 2368 1646 2435 salutat,
1685 2368 1773 2425 di-

181 2465 316 2506 cens
343 2469 358 2506 :
391 2450 601 2509 Paulus
645 2463 697 2510 et
727 2453 1029 2511 Timotheus
1057 2458 1193 2511 serui
1221 2455 1424 2513 Christi
1450 2458 1578 2515 Iesu
1603 2462 1774 2515 omni-

180 2541 279 2596 bus
310 2545 514 2599 sanctis
555 2547 646 2617 qui
674 2556 798 2602 sunt
827 2546 1116 2620 Philippis,
1139 2565 1259 2604 cum
1287 2552 1544 2623 episcopis
1575 2561 1628 2608 et
1653 2554 1774 2609 dia-

180 2634 402 2689 conibus
441 2635 700 2709 (Philipp.
742 2636 803 2707 t).
846 2636 983 2694 Nam
1021 2640 1177 2711 juxta
1206 2639 1597 2714 Hieronymum
1639 2644 1773 2700 Phi-

180 2724 346 2796 lippis
389 2742 498 2781 una
531 2736 614 2783 est
657 2726 851 2785 civitas
887 2727 1237 2798 Macedoniae,
1274 2747 1397 2802 quae
1432 2733 1617 2804 plures
1662 2750 1771 2790 non

178 2817 362 2888 potuit
387 2817 590 2873 habere
617 2819 927 2891 episcopos.
962 2820 1023 2875 In
1050 2822 1276 2878 Actibus
1305 2839 1524 2895 quoque
1553 2833 1773 2896 aposto-

178 2912 363 2966 lorum
403 2912 602 2984 legitur
644 2914 922 2984 apostolos
959 2930 1185 2972 vocasse
1221 2916 1567 2990 presbyteros
1595 2916 1773 2988 Ephe-

177 3005 415 3073 siorum,
456 3022 595 3078 quos
631 3014 686 3062 et
721 3007 1009 3079 episc0pos
1036 3025 1067 3063 a
1098 3006 1304 3080 Spiritu
1334 3018 1524 3065 sancto
1563 3009 1771 3081 positos

176 3114 303 3155 esse
352 3098 495 3167 (Act.
523 3102 620 3172 xx)
663 3117 774 3156 non
814 3102 1007 3170 tacuit,
1046 3092 1294 3159 videlicet
1331 3103 1498 3158 unius
1535 3103 1771 3159 civitatis

176 3190 532 3263 presbyteros
580 3207 786 3261 vocans
828 3191 1134 3263 episcopos.
1187 3191 1321 3248 Item
1365 3192 1481 3263 ipse
1517 3192 1770 3266 princeps

177 3281 551 3352 apostolorum
577 3280 771 3339 Petrus
794 3282 850 3337 in
872 3281 1114 3354 Epistola
1137 3299 1236 3339 sua
1256 3302 1269 3338 :
1295 3282 1656 3355 Presbyteros,
1680 3285 1769 3340 in-

176 3370 317 3441 quit,
345 3371 403 3423 in
427 3369 568 3425 vobis
589 3386 774 3441 precor
800 3371 1183 3442 compresbyter
1202 3381 1252 3425 et
1278 3372 1427 3426 testis
1461 3374 1768 3442 passionum

178 3462 383 3517 Christi
414 3460 469 3534 (1
493 3460 642 3517 Petr.
676 3461 751 3535 v).
781 3461 915 3519 Item
943 3461 1182 3521 Joannes
1212 3464 1493 3535 apostolus
1516 3473 1573 3522 et
1604 3482 1769 3522 evan-

177 3554 373 3626 gelista
403 3554 650 3613 scribens
686 3572 753 3610 ex
782 3555 868 3611 sui
908 3571 1141 3626 persona
1225 3555 1529 3628 Presbyter,
1568 3558 1765 3631 inquit,

180 3645 399 3712 Electa,
415 3646 646 3701 domina:
665 3656 714 3700 et
738 3646 867 3716 ﬁliis
890 3647 1004 3717 ejus
1028 3645 1117 3718 (11
1141 3645 1301 3702 Joan.
1332 3647 1556 3719 t).ldem
1577 3649 1634 3706 in
1662 3651 1767 3707 alia

177 3737 421 3811 Epistola
451 3756 465 3794 :
496 3737 776 3810 Presbyter
798 3737 932 3811 Gaio
954 3739 1264 3795 charissima
1291 3739 1416 3813 (III
1438 3740 1600 3797 Joan.
1631 3745 1693 3814 ι).

247 3828 337 3886 III.
378 3828 476 3887 His
497 3829 663 3903 igitur
686 3832 968 3888 sententiis
995 3830 1056 3886 Β.
1083 3830 1416 3905 Hieronymo
1448 3844 1508 3889 et
1530 3835 1766 3891 Ambro—

176 3924 261 3979 sio
304 3924 693 3980 attcstantibus
754 3924 1160 3981 evidentissime
1210 3926 1473 3996 probatur
1514 3928 1764 3983 eumdem

177 4016 558 4089 presbyterum
585 4025 641 4072 et
670 4016 986 4088 episcopum
1019 4016 1206 4072 fuisse.
1239 4017 1351 4071 Cur
1375 4027 1556 4073 autem
1579 4029 1765 4089 postea

179 4110 322 4163 inter
347 4125 407 4164 se
438 4116 490 4164 et
522 4109 743 4165 nomine
770 4117 825 4163 et
852 4108 1029 4164 ollicio
1056 4108 1365 4178 discrepare
1397 4110 1663 4182 cmperint
1689 4111 1765 4166 ita

178 4211 239 4257 ut
292 4201 441 4256 inter
492 4201 840 4272 presbyteros
872 4216 1018 4256 unus
1049 4201 1357 4272 specialiter
1407 4218 1606 4257 nomen
1650 4205 1766 4275 epi-

1877 1903 2274 1977 neophytorum
2299 1902 2517 1961 nonnisi
2547 1903 2616 1959 ab
2644 1902 2916 1972 episcopis
2948 1916 3109 1974 posse
3133 1900 3218 1955 vel
3257 1900 3458 1955 debere

1876 1995 1992 2052 ﬁeri
2017 1997 2234 2063 asserit,
2260 2011 2364 2050 nec
2383 1995 2525 2050 inter
2547 1995 2916 2051 ecclesiastica
2941 2002 3287 2050 sacramenta
3308 1992 3455 2047 illam

1875 2086 2136 2158 reputari,
2159 2103 2285 2159 qua:
2309 2087 2380 2142 ab
2400 2086 2525 2142 aliis
2554 2096 2887 2158 praesumpta
2915 2084 3098 2140 fuerit.

1945 2178 2009 2234 V.
2054 2178 2159 2235 Sed
2196 2179 2264 2235 de
2294 2179 2381 2234 his
2419 2178 2671 2251 singulis,
2714 2195 2836 2249 qua:
2864 2177 3196 2249 presbyteris
3232 2190 3343 2230 non
3388 2175 3456 2229 li-

1874 2291 1998 2332 cere
2028 2284 2331 2346 coeperunt,
2360 2284 2650 2346 postquam
2674 2275 2751 2330 illi
2772 2276 2841 2331 ab
2867 2274 3163 2345 episcopali
3186 2273 3455 2331 excellen-

1877 2368 1952 2424 tia
1981 2367 2224 2440 separati
2255 2375 2402 2435 sunt,
2433 2366 2494 2422 B.
2526 2365 2794 2424 Damasus
2836 2382 2975 2438 papa
3005 2365 3219 2437 plenius
3262 2365 3318 2419 in
3363 2363 3458 2419 de—

1858 2456 2038 2514 cretis
2084 2458 2202 2514 suis
2263 2458 2536 2525 edisserit,
2596 2458 2689 2514 ubi
2740 2473 2938 2513 vanam
3011 2456 3457 2527 superstitionem

1872 2551 2389 2623 chorepiswporum
2419 2549 2747 2607 autlientieis
2767 2550 3074 2605 rationibus
3091 2547 3454 2627 compescuit.

1871 2640 2007 2698 Nam
2020 2643 2265 2699 scribens
2278 2643 2533 2698 omnibus
2557 2644 2826 2713 episcopis
2849 2642 3024 2713 (epist.
3050 2641 3104 2708 5;
3122 2640 3283 2694 Ilion.
3313 2647 3354 2694 t.
3386 2637 3454 2704 II,

1870 2751 1993 2807 pag.
2031 2735 2158 2808 876)
2204 2736 2443 2806 primum
2490 2735 2912 2806 chorepiscopos
2956 2732 3095 2787 nihil
3135 2731 3285 2786 aliud
3333 2746 3457 2785 esse

1870 2844 2036 2899 quam
2066 2829 2413 2900 presbyteros
2444 2826 2658 2899 probat.
2687 2825 2891 2881 Deinde
2917 2832 3179 2894 utrosque
3208 2837 3456 2877 commu-

1870 2922 2014 2974 niter
2043 2919 2113 2974 ab
2138 2918 2437 2990 episcopali
2482 2917 2702 2989 fastigio
2751 2918 2857 2973 hoc
2902 2915 3066 2971 modo
3103 2921 3410 2984 sequestrat
3440 2931 3453 2967 :

1872 3009 2295 3083 Chorepiscopis,
2322 3011 2517 3081 inquit,
2541 3025 2645 3064 non
2661 3008 2784 3063 licet
2809 3006 3103 3063 sacerdotes
3129 3022 3454 3069 consecrare,

1799 3141 1841 3199 ο
1874 3119 1965 3157 nec
1990 3103 2369 3170 diaconos,nec
2381 3101 2752 3167 subdiaconos,
2770 3116 2861 3155 nec
2881 3100 3105 3169 virgines
3121 3114 3141 3162 ;
3166 3112 3257 3151 nec
3286 3095 3456 3149 altare

1871 3195 2091 3265 erigere,
2121 3212 2213 3250 nec
2231 3210 2420 3266 ungere
2449 3192 2528 3249 vel
2552 3209 2785 3259 sacrare,
2810 3208 2901 3246 nec
2921 3188 3165 3244 ecclesias
3188 3186 3453 3253 dedicare,

1871 3302 1963 3341 nec
1988 3286 2219 3342 chrisma
2256 3286 2530 3356 conﬁcere,
2564 3302 2655 3339 nec
2686 3285 2968 3338 chrismate
3005 3281 3175 3352 fontes
3209 3280 3454 3349 baptiza-

1871 3387 2045 3433 torum
2073 3380 2307 3450 signare,
2350 3394 2443 3432 nec
2484 3376 2690 3448 publice
2720 3376 2932 3448 quidem
2971 3376 3028 3429 in
3065 3374 3229 3427 missa
3273 3388 3427 3443 quem

1868 3488 2029 3542 quam
2051 3472 2389 3542 paenitentem
2426 3469 2800 3524 reconciliare:
2845 3484 2935 3539 nec
2975 3467 3232 3537 formatas
3255 3465 3453 3535 episto-

1868 3562 1950 3617 las
1978 3564 2204 3631 mittere,
2240 3579 2332 3618 nec
2352 3561 2603 3633 populum
2630 3561 2950 3627 benedicere,
2988 3575 3081 3612 nec
3107 3566 3230 3611 ante
3254 3556 3453 3627 episco-

1866 3672 1991 3726 pum
2012 3657 2069 3709 in
2097 3655 2410 3727 baptisteria
2434 3653 2512 3709 rel
2546 3655 2786 3708 sacrario
2810 3654 3049 3718 introire,
3080 3667 3171 3705 nec
3200 3658 3454 3721 prwsente

1865 3749 2105 3819 episcopo
2133 3748 2394 3818 infantem
2435 3747 2630 3818 tingere
2664 3756 2756 3800 aut
2791 3746 3024 3821 signare.
3076 3759 3169 3798 nec
3198 3742 3451 3813 paeniten-

1869 3850 1973 3895 tem
1997 3841 2110 3895 sine
2137 3841 2367 3912 episcopi
2388 3840 2471 3893 sui
2497 3840 2844 3910 praeceptione
2874 3835 3235 3901 reconciliare,
3269 3851 3359 3887 nec
3391 3849 3451 3887 eo

1865 3941 2140 4002 praesente,
2171 3932 2273 3985 nisi
2292 3931 2532 4001 jubente,
2555 3939 2948 3985 sacramentum
2974 3927 3209 3997 corporis
3242 3934 3294 3979 et
3321 3942 3452 3980 san-

1866 4025 2039 4094 guinis
2066 4022 2268 4080 Christi
2291 4022 2545 4092 conﬁcere
2569 4063 2584 4087 ,
2611 4038 2703 4075 nec
2721 4037 2780 4076 eo
2805 4036 2983 4074 coram
3007 4020 3179 4090 posito
3200 4017 3454 4088 populum

1865 4115 2047 4170 docere
2069 4114 2146 4168 vel
2171 4113 2427 4179 salutare,
2451 4129 2540 4166 nec
2567 4111 2764 4182 plebem
2791 4109 3084 4166 exhortari.
3114 4108 3246 4174 Quae
3275 4108 3454 4163 omnia

1864 4207 1993 4261 solis
2026 4204 2362 4277 pontiﬁcibus
2381 4204 2639 4275 pertinere
2664 4212 2772 4257 tam
2798 4218 2864 4257 ex
2884 4201 3264 4272 superioribus,
3293 4214 3453 4272 quam

177 4290 328 4363 scopi
353 4289 671 4357 obtinuerit,
705 4291 844 4346 idem
871 4280 1235 4363 Hieronymus
1268 4306 1431 4361 super
1464 4290 1764 4364 Epistulam
1864 4315 1928 4353 ex
1957 4297 2080 4353 aliis
2114 4297 2341 4352 Patrum
2374 4295 2591 4350 statutis
2616 4303 2773 4365 atque
2811 4294 2979 4348 sacris
3013 4292 3303 4347 canonibus
3327 4291 3453 4356 edo-

178 4384 247 4440 ad
281 4382 468 4438 Titum
497 4382 633 4439 satis
668 4391 849 4454 aperte
892 4383 1155 4453 exponit:
1207 4381 1521 4453 Postquam,
1563 4384 1762 4455 inquit,
1865 4392 1937 4444 cti
1958 4391 2086 4444 estis
2112 4430 2125 4443 .
2170 4430 2184 4443 .
2222 4430 2235 4444 .
2278 4386 2539 4443 Similiter
2560 4394 2608 4439 et
2635 4386 2699 4439 de
2735 4384 3054 4456 presbyteris
3085 4382 3195 4436 haec
3220 4383 3453 4436 habean-

175 4476 536 4548 unusquisque
562 4491 671 4542 eos,
718 4491 848 4546 quos
891 4474 1272 4545 baptizaverat,
1316 4491 1437 4529 suos
1484 4492 1615 4543 esse,
1662 4494 1765 4532 non
1796 4494 1842 4550 ι)
1870 4490 1975 4547 tur,
2001 4488 2061 4533 nt
2105 4480 2218 4533 sine
2238 4478 2395 4547 jussu
2425 4475 2656 4547 episcopi
2684 4475 2819 4529 nihil
2856 4475 3057 4546 proprii
3098 4482 3279 4545 agant.
3318 4472 3452 4530 Item

177 4569 383 4626 Christi
408 4566 654 4639 putabat,
682 4568 737 4621 in
765 4575 876 4621 toto
914 4567 1184 4622 decretum
1230 4575 1307 4620 est
1344 4566 1486 4635 orbe,
1528 4576 1588 4622 ut
1624 4586 1759 4625 unus
1869 4570 1925 4627 S.
1952 4571 2061 4627 Leo
2080 4587 2216 4642 papa
2244 4570 2263 4623 I
2295 4568 2552 4624 omnibus
2586 4566 2859 4637 episcopis
2883 4566 3132 4623 scribens
3159 4563 3449 4641 (epist.88;

174 4663 240 4716 de
277 4660 603 4732 presbyteris
660 4659 857 4714 electus
916 4669 1352 4730 superponentur
1408 4662 1638 4729 caeteris,
1689 4663 1760 4717 ad
1868 4663 2052 4729 Laeta,
2083 4672 2122 4718 t.
2174 4661 2261 4729 III,
2320 4678 2443 4732 pag.
2502 4660 2663 4731 I594)
2722 4660 2969 4714 eamdem
3018 4656 3345 4715 sententiam
3390 4654 3458 4709 de

175 4771 326 4827 quem
349 4754 522 4807 omnis
559 4769 691 4805 cura
718 4749 969 4805 Ecclesia:
1004 4752 1307 4821 pertineret,
1337 4762 1387 4807 et
1416 4754 1762 4809 schismatum
1869 4754 2274 4825 chorepiscopis
2304 4762 2359 4808 et
2392 4750 2727 4824 presbyteris
2761 4751 2956 4817 tenuit,
2993 4758 3055 4804 ut
3087 4750 3297 4822 pariter
3329 4759 3460 4815 pro-

176 4845 381 4899 semina
418 4843 731 4898 tollerentur
762 4841 1142 4913 (Commentar.
1194 4843 1251 4899 in
1284 4859 1405 4913 cap.
1457 4860 1509 4911 I,
1557 4844 1694 4916 Opp.
1717 4855 1760 4902 t.
1868 4846 2047 4917 prium
2079 4846 2304 4901 modum
2346 4851 2704 4914 cognoscant,
2742 4856 2847 4896 nec
2890 4839 3215 4913 episcopale
3251 4833 3470 4905 privile-

177 4935 265 5002 ιν,
294 4953 350 5007 p.
388 4936 538 5007 415).
568 4935 637 4990 Et
680 4935 822 4989 infra
872 4953 883 4988 :
928 4934 1229 5001 Paulatim,
1280 4946 1336 4989 ut
1374 4936 1765 4991 dissensionum
1867 4938 2016 5009 gium
2042 4952 2314 5009 usurpare
2344 4941 2701 5006 praesumant.
2731 4930 2834 4986 Sed
2871 4940 2926 4987 et
2946 4928 3008 4984 Β.
3043 4928 3324 4996 Gelasius
3341 4933 3480 5009 papa

177 5006 458 5097 plantaria
481 5024 847 5092 evellerentur,
870 5026 939 5079 ad
964 5042 1126 5079 unum
1148 5028 1317 5081 omnis
1342 5025 1650 5083 sollicitudo
1672 5029 1765 5084 de-
1864 5006 1917 5085 in
1948 5006 2318 5086 decretis—suis
2347 5023 2587 5096 capitulo
2618 5024 2652 5078 6
2677 5022 2883 5096 (Lsnnq
2909 5030 2948 5077 t.
2992 5019 3099 5091 IV,
3161 5033 3293 5102 ρυλε-
3334 5006 3488 5074 “39)

363 5132 407 5148 ΑΙ
470 5120 614 5148 0:4..4
650 5138 766 5148 -.οι-Α
801 5123 1089 5148 ..κΑριο-Ιροαξ
1128 5124 1297 5148 -.αέα-..ι
1362 5140 1411 5148 ,Α
1455 5139 1513 5148 Α...
1557 5140 1740 5148 gnua-.-

1875 5122 2193 5148 ...ηυκιι-...ιι-
2236 5120 2319 5146 ι.ε.-
2389 5129 2511 5146 num
2537 5117 2983 5146 nmnokuln-nnnni
3020 5114 3141 5146 Am
3168 5120 3247 5146 ,ιη
3290 5109 3501 5144 rumne-

1455 5139 1513 5148 Α...
1557 5140 1740 5148 ΔΔΔΔΑοιΑ
1867 5138 2089 5148 “ﬁs-Imau-
