3986 5312
491 189 634 248 1247

1483 187 1578 244 AD
1612 181 1844 246 OPERA
1881 185 1941 244 S.
1979 181 2310 244 GREGORII
2348 185 2794 249 APPENDICES.

3648 199 3788 257 ιω

566 302 653 360 Vl.
695 301 839 360 Sunt
867 293 1052 360 tamen
1077 300 1327 375 quaedam
1358 301 1523 359 etiam
1551 288 1754 372 adhuc,
1803 316 1928 374 quae
1965 315 2092 372 pre-
2121 301 2167 359 Δ
2191 303 2409 374 uspiam
2457 305 2800 378 percipiunt,
2832 297 2928 364 sed
2953 305 3048 380 jus
3073 305 3335 366 on‘crendi
3367 309 3632 370 sacriﬁcii
3677 321 3790 372 tam

492 397 732 470 sbyteris
757 413 825 454 ex
859 397 1156 468 episcopali
1199 395 1429 452 arbitrio
1465 395 1695 454 concedi
1723 403 1981 466 possunt,
2029 400 2092 448 ut

491 488 710 559 privata
742 489 1118 544 reconciliatio
1165 487 1571 559 pmnitentium,
1609 504 1738 544 nam
1783 504 1818 546 a
1866 486 2086 559 publica

495 579 950 636 reconciliatione
985 581 1132 636 sicut
1154 595 1187 635 a
1215 579 1530 636 chrismatis
1561 579 1907 636 confectione
1934 578 2094 649 peni-

493 679 587 728 tus
633 673 894 744 prohibiti
950 673 1226 757 leguntur.
1279 672 1522 729 Possunt
1572 673 1792 744 quidem
1837 671 2095 744 privatim

494 765 780 823 confessos
806 763 1140 840 poenitentes
1177 775 1232 823 et
1261 766 1605 822 intirmantcs
1634 765 2015 832 reconciliare,
2047 766 2097 821 si

495 866 678 914 tamen
708 859 1008 930 cpiscopus
1026 859 1277 930 jusserit,
1303 859 1462 932 juxta
1507 859 1660 931 quod
1707 857 1768 913 S.
1809 857 2098 915 Evaristus

495 965 635 1022 papa
661 961 716 1008 et
737 962 946 1026 martyr
971 953 1025 1007 in
1047 953 1284 1009 decretis
1314 953 1432 1009 suis
1480 953 1670 1024 (causa
1691 950 1783 1018 26,
1807 967 1863 1022 q.
1890 950 1945 1019 6,
1971 951 2095 1024 θυι)

495 1045 720 1114 asserit,
753 1046 829 1102 ita
859 1047 1181 1114 decernens,
1219 1056 1282 1103 ut
1308 1047 1598 1118 presbyteri
1635 1045 1699 1100 de
1731 1045 1956 1100 occultis
1977 1062 2099 1116 pec-

499 1140 638 1194 catis
658 1139 903 1210 jussione
939 1139 1172 1210 episcopi
1211 1140 1518 1212 pwnitcntcs
1555 1137 1912 1204 reconcilient,
1941 1145 1992 1192 et
2012 1138 2099 1192 in-

497 1233 776 1302 ﬁrmantes
805 1232 1085 1287 absolvant
1109 1241 1162 1288 et
1198 1234 1602 1288 communicent.
1645 1231 1780 1288 Item
1805 1231 2100 1304 Carthagi-

500 1341 672 1384 nense
701 1327 998 1383 concilium
1024 1327 1233 1396 (Lana,
1258 1336 1298 1384 t.
1323 1326 1390 1395 ll,
1418 1341 1472 1399 p.
1502 1326 1662 1398 1160)
1693 1342 1813 1397 cap.
1839 1325 1870 1380 7
1895 1325 2094 1402 [ωειλ]

499 1421 635 1476 dicit
659 1420 806 1492 quod
842 1421 898 1475 in
940 1421 1192 1492 periculo
1238 1419 1405 1491 positi
1449 1435 1480 1475 a
1529 1430 1850 1492 presnytero
1883 1419 2101 1491 possint

501 1513 871 1580 reconciliari,
895 1513 1125 1569 absente
1149 1513 1375 1585 quidem
1403 1513 1684 1584 episcopo,
1727 1513 1822 1569 sed
1848 1512 2096 1582 jubente.

2195 413 2296 470 pro
2316 397 2478 467 vivis,
2507 416 2674 472 quam
2704 399 3104 472 prodefunctis
3131 401 3338 474 (1114).

2264 490 2358 548 IX.
2398 491 2467 548 Et
2493 494 2833 564 parochiales
2860 494 3082 566 quidem
3126 496 3453 568 presbyteri,
3483 497 3694 568 quibus
3723 499 3792 554 ab

2195 585 2452 658 episcopo
2478 587 2770 658 pastoralis
2798 602 2930 644 cura
2972 587 3028 643 in
3056 589 3260 660 populo
3303 591 3702 660 committitur,
3736 609 3792 648 in

2197 678 2315 750 ipsa
2341 679 2730 737 commissione
2755 680 2920 738 etiam
2960 681 3064 738 hos
3092 681 3186 754 jus
3225 683 3567 757 suscipiendi
3609 687 3792 756 paeni-

2199 780 2373 829 tentes
2393 773 2670 846 accepisse
2703 789 2816 830 non
2848 773 3188 852 dubitanter,
3217 779 3364 849 quod
3389 777 3671 854 videlicet.
3691 796 3794 851 po-

2197 865 2474 923 tissimum
2503 865 2570 922 ad
2594 866 2742 923 illam
2772 881 2962 924 curam
3003 869 3279 940 pertinere
3304 870 3546 929 videtur.
3579 870 3796 940 Quibus

2198 968 2381 1015 autem
2402 953 2740 1017 consecratis
2767 959 3080 1032 huiusmodi
3100 975 3234 1018 cura
3255 977 3365 1018 non
3399 964 3796 1032 committitur,
3893 998 3899 1006 ι

2197 1052 2516 1124 praedictam
2561 1061 2892 1125 potestatem
2942 1069 3212 1126 usurpare
3259 1071 3371 1112 non
3418 1067 3793 1129 praesumant,

2199 1155 2496 1218 antequam
2522 1147 2603 1204 eis
2626 1146 2870 1218 episcopi
2899 1145 3008 1204 hoc
3047 1146 3356 1204 concedunt
3383 1168 3398 1204 :
3427 1165 3560 1204 nam
3583 1149 3635 1205 si
3657 1164 3796 1220 pra-

2200 1239 2554 1310 sumpserint,
2579 1255 2638 1298 se
2661 1239 2842 1312 potius
2863 1255 2931 1296 ex
2959 1228 3383 1312 praesumptione
3402 1242 3601 1313 ligant,
3629 1258 3797 1314 quam

2200 1333 2526 1406 poenitentes
2557 1350 2658 1391 sua
2685 1333 3134 1392 reconciliatione
3169 1335 3488 1404 absolvant;
3537 1337 3588 1392 si
3613 1347 3797 1393 tamen

2201 1425 2521 1498 simpliciter
2542 1428 2870 1500 accipientes
2891 1427 3196 1500 ignorantia
3209 1429 3667 1502 praesumptionis
3687 1446 3799 1486 non

2201 1527 2421 1574 accusat
2470 1519 2675 1592 (1115).
2712 1518 2904 1576 Solent
2937 1519 3085 1576 enim
3113 1521 3358 1594 episcopi
3401 1522 3498 1594 jus
3546 1523 3799 1579 reconci-

573 1604 686 1661 Vll.
727 1605 794 1662 Et
821 1605 1126 1662 notandum
1159 1606 1306 1678 quod
1335 1621 1438 1662 nec
1469 1605 1652 1708 ipsam
1695 1605 1968 1708 privatam
2013 1622 2100 1708 re-
2131 1611 2370 1708 B“liandi
2401 1613 2783 1670 sacerdotibus
2810 1629 2842 1669 a
2871 1613 3134 1686 pastorali
3171 1630 3302 1670 cura
3336 1616 3674 1672 vacantibus
3699 1632 3801 1672 s2-

500 1700 946 1758 coueiliationem
1009 1715 1264 1757 exercere
1311 1699 1703 1772 permittuntur
1754 1699 2097 1772 presbyteri,

505 1793 612 1850 nisi
647 1793 961 1864 specialiter
983 1809 1050 1849 ex
1067 1793 1322 1864 jussione
1342 1793 1606 1864 episcopi.
1635 1791 1742 1864 Ipsi
1769 1793 1934 1849 etiam
1972 1809 2102 1851 san-

503 1893 606 1940 cta:
644 1882 910 1941 Romanae
959 1884 1220 1942 Ecclesia:
1261 1885 1562 1958 presbyteri
1615 1899 1728 1940 non
1775 1885 1885 1942 hoc
1927 1885 2103 1942 solent

505 1991 763 2033 exercere
802 1977 909 2034 nisi
940 1979 1194 2049 permissi
1221 1997 1235 2033 :
1271 1994 1372 2034 nec
1413 1978 1518 2034 hoc
1549 1977 1831 2035 Romanus
1858 1979 2102 2050 pontifex

507 2068 788 2137 omnibus,
838 2085 980 2140 quos
1027 2069 1266 2138 ordinat,
1316 2069 1588 2140 concedit,
1632 2071 1728 2127 sed
1769 2071 2102 2142 quibusdam

508 2171 746 2228 tantum,
776 2177 919 2234 quos
965 2163 1032 2219 ad
1081 2163 1192 2220 hoc
1239 2179 1380 2236 opus
1422 2163 1834 2235 exsequendum
1877 2163 2104 2221 idoneos

507 2273 634 2314 esse
665 2258 994 2328 pmviderit.
1041 2258 1243 2315 Beatus
1269 2273 1492 2330 quoque
1509 2258 1809 2315 ‘Anselmus
1838 2257 2130 2332 Lucensis_

509 2352 802 2422 episcopus
833 2351 888 2406 in
925 2352 1241 2424 episcopatu
1267 2367 1371 2408 suo
1393 2351 1586 2424 paucis
1609 2352 1944 2424 presbyteris
1969 2367 2105 2407 con-

512 2441 696 2510 cessit,
723 2452 782 2498 ut
809 2445 1140 2514 poenitentes
1161 2444 1526 2515 susciperent,
1553 2444 1808 2515 quamvis
1836 2444 2106 2516 plurimos

513 2535 740 2592 ubilibet
767 2537 1076 2593 ordinasset
1105 2536 1313 2608 (1112).
1350 2533 1442 2592 Sic
1464 2545 1520 2592 et
1557 2537 1651 2592 alii
1677 2535 1946 2594 hactenus
1991 2537 2107 2609 epi-

513 2629 666 2700 scopi
713 2630 768 2684 in
817 2630 933 2687 suis
984 2630 1392 2702 episcopatibus
1447 2629 1628 2686 facere
1681 2639 2105 2698 consueverunt,

512 2723 609 2794 qui
652 2724 1025 2798 diligentiores
1079 2739 1356 2783 canonum
1390 2734 1699 2782 servatores
1747 2741 1872 2782 esse
1919 2723 2110 2782 volue-

513 2823 667 2872 runt.

587 2909 725 2966 Vill.
767 2909 1116 2983 Quapropter
1161 2910 1296 2968 satis
1321 2910 1676 2968 manifestum
1705 2925 1830 2968 esse
1870 2911 2106 2978 videtur,

2201 1721 2502 1776 penumero
2525 1706 2843 1775 concedere,
2878 1715 2940 1762 ut
2963 1705 3290 1765 venerabilis
3315 1723 3458 1779 papa
3496 1706 3802 1780 Gregorius

2204 1797 2342 1872 (VII)
2367 1805 2422 1854 et
2446 1797 2504 1854 S.
2534 1797 2828 1854 Anselmus
2871 1796 3182 1871 (Lucensis)
3209 1799 3399 1855 multis
3431 1799 3720 1867 fecerunt,
3745 1807 3802 1855 et

2203 1891 2383 1948 adhuc
2407 1889 2764 1962 quamplures
2795 1888 3024 1947 faciunt.
3059 1889 3214 1947 Hanc
3237 1895 3442 1963 quippe
3473 1892 3802 1948 concessio-

2203 2000 2327 2040 nem
2341 1999 2444 2040 nos
2457 1983 2560 2054 ipsi
2579 1983 2647 2040 ab
2659 1983 2999 2039 ordinatione
3011 1992 3199 2040 nostra
3217 1985 3572 2055 suscepimus
3586 1985 3671 2053 (11
3687 1983 3767 2055 16)
3783 2001 3800 2038 :

2205 2076 2348 2132 hanc
2377 2085 2432 2133 et
2455 2077 2594 2132 alios
2626 2075 2981 2148 quamplures
3005 2092 3038 2132 a
3069 2076 3188 2134 suis
3219 2077 3645 2134 ordinatoribus
3680 2092 3802 2148 per—

2205 2168 2418 2239 cepisse
2441 2182 2553 2224 non
2590 2168 2928 2240 ignoramus.

2275 2258 2346 2316 Χ.
2385 2258 2677 2317 Sciendum
2715 2268 2922 2326 tamen,
2954 2259 3100 2332 quod
3132 2260 3192 2316 Β.
3227 2258 3607 2334 Hieronymus
3649 2269 3800 2333 pote-

2207 2361 2402 2410 statem
2431 2353 2632 2426 ligandi
2659 2362 2823 2425 atque
2853 2353 3097 2409 solvendi
3127 2361 3239 2410 tam
3277 2353 3620 2426 presbyteris
3639 2369 3800 2426 quam

2207 2445 2478 2518 episcopis
2499 2444 2870 2502 indiﬂ‘erenter
2882 2446 3109 2503 ascribit
3132 2446 3187 2502 in
3210 2447 3618 2504 commentario
3643 2463 3803 2518 super

2209 2538 2541 2606 Matthznum,
2565 2539 2658 2594 ubi
2687 2539 2818 2595 illud
2843 2539 3065 2612 exponit
3105 2559 3118 2595 :
3164 2538 3529 2610 Quodcunque
3551 2539 3800 2604 ligat-eris

2211 2630 2430 2700 (Matth.
2464 2632 2604 2703 XVI),
2629 2641 2684 2688 et
2707 2631 2938 2702 reliqua.
2986 2627 3181 2698 Istum,
3214 2631 3394 2703 inquit
3443 2633 3610 2702 (Opp.
3647 2641 3686 2686 t.
3713 2630 3800 2699 IV,

2209 2740 2263 2796 p.
2303 2723 2416 2795 75),
2455 2722 2628 2778 locum
2653 2723 2884 2794 episcopi
2911 2731 2962 2778 et
2999 2723 3291 2794 presbyteri
3318 2739 3425 2778 non
3447 2722 3802 2794 intelligente:

2211 2815 2416 2888 aliquid
2438 2817 2542 2871 sibi
2567 2815 2632 2871 de
2657 2814 3058 2872 Pharisaeorum
3083 2816 3368 2888 supercilio
3407 2826 3715 2883 assumunt,
3745 2825 3801 2870 ut

2211 2908 2289 2964 vel
2309 2909 2558 2964 damnent
2573 2909 2894 2975 innocentes,
2919 2907 2999 2964 vel
3015 2908 3212 2964 solvere
3235 2909 3423 2964 noxios
3453 2909 3799 2968 arbitrentur,

517 3003 663 3074 quod
691 3003 994 3075 presbyteri
1025 3020 1133 3060 non
1163 3013 1270 3060 tam
1303 3019 1369 3060 ex
1403 3004 1642 3076 propriae
1679 3003 2108 3061 consecrationis
2135 3001 2178 3060 C
2211 3019 2329 3057 cum
2353 3002 2496 3073 apud
2517 3001 2686 3056 Deum
2702 3017 2807 3056 non
2829 3003 3090 3056 sententia
3117 3001 3477 3068 sacerdotum,
3501 2999 3598 3055 sed
3620 3017 3798 3055 eorum

517 3093 716 3162 ofﬁcio,
763 3111 928 3166 quam
975 3112 1042 3152 ex
1077 3095 1408 3167 episcopalis
1446 3095 1824 3153 concessionis
1883 3096 2111 3152 arbitrio

2213 3095 2322 3149 vita
2347 3101 2639 3165 queratur.
2676 3091 2926 3166 Legimus
2967 3092 3023 3150 in
3054 3089 3284 3148 Levitico
3319 3092 3386 3146 de
3430 3091 3679 3163 leprosis,
3715 3091 3803 3144 uti

516 3187 844 3259 pcenitentes
883 3188 1239 3244 reconciliare
1267 3189 1464 3244 solent.
1501 3185 1557 3242 Si
1599 3187 1744 3243 enim
1780 3188 1887 3244 hoc
1924 3187 2002 3243 illi
2043 3203 2111 3244 ex
2203 3186 2476 3258 jubentur,
2505 3194 2564 3240 ut
2605 3185 2884 3240 ostendant
2924 3202 2979 3240 se
3016 3185 3411 3252 sacerdotibus,
3445 3193 3498 3239 et
3521 3184 3571 3238 si
3603 3183 3802 3254 leprans

518 3280 744 3352 prepria
786 3281 1203 3337 consecratione
1255 3280 1522 3336 baberent
1564 3288 1627 3334 ut
1669 3278 1934 3351 episcopi,
1985 3293 2108 3336 cum

517 3372 769 3427 eamdem
797 3372 1124 3445 presbyterii
1153 3371 1464 3442 acceperint
1490 3370 1960 3427 consecrationem
1977 3413 1992 3439 ,
2023 3372 2110 3426 ni-

520 3463 823 3519 hilominus
875 3473 929 3519 et
971 3463 1218 3519 eamdem
1253 3478 1446 3519 omnes
1487 3463 1749 3518 haberent
1793 3463 2114 3519 reconcilia-

521 3553 694 3610 tionis
717 3563 1078 3626 potestatem;
1109 3570 1214 3611 nec
1236 3555 1412 3626 magis
1437 3553 1504 3609 ad
1537 3555 1662 3622 hoc,
1699 3569 1866 3626 quam
1901 3555 1968 3612 ad
1998 3553 2114 3610 olli-

523 3646 670 3700 cium
701 3645 885 3703 missa:
911 3647 1276 3703 exercendum
1300 3647 1598 3718 episcopali
1627 3647 1880 3718 jussione
1907 3647 2114 3719 indige-

525 3745 669 3805 rent,
701 3739 749 3794 si
793 3739 849 3794 in
881 3739 1000 3810 ipsa
1037 3739 1454 3796 consecratione
1481 3739 1625 3796 hanc
1668 3748 2022 3811 potestatem,
2055 3747 2116 3794 ut

523 3831 592 3886 ad
618 3831 856 3888 ollicium
879 3833 1082 3901 missae,
1105 3833 1310 3889 dudum
1336 3833 1708 3904 percepissent
1730 3832 1934 3905 (1115).
1961 3819 2123 3901 Quo-'

525 3925 692 3980 modo
719 3935 900 3982 autem
925 3925 1073 3982 illam
1101 3927 1156 3982 in
1179 3927 1594 3982 consecratione
1615 3941 1726 3982 non
1753 3925 2112 3997 perceperint,

523 4015 684 4074 facile
706 4019 937 4090 quilibet
959 4019 1248 4092 explorare
1265 4019 1481 4090 poterit,
1495 4017 1542 4074 si
1582 4019 1808 4074 modum
1821 4033 2114 4076 consecra-

525 4109 694 4167 tionis
723 4127 917 4167 eorum
945 4111 1232 4184 diligenter
1259 4111 1612 4168 considerare
1639 4111 1896 4174 voluerit,
1927 4110 1984 4165 in
2005 4124 2126 4181 quo.

506 4218 634 4283 (Iron
677 4219 828 4260 more
867 4205 1252 4277 episcoporum
1295 4203 1388 4277 jus
1432 4202 1636 4276 ligandi
1676 4211 1840 4274 atque
1870 4201 2115 4260 solvendi

599 4443 788 4517 (me)
827 4420 1075 4516 Gregorii
1101 4441 1195 4500 vn
1213 4453 1472 4517 strenuus
1497 4443 1717 4517 adjutor
1746 4441 1852 4517 rga
1879 4443 1970 4501 hic
2001 4443 2122 4517 An:

435 4537 448 4550 ·
529 4513 775 4587 selinus,
799 4513 960 4587 cujus
987 4517 1099 4572 vita
1123 4515 1399 4586 descripta
1439 4523 1620 4570 exstat
1663 4513 2118 4587 in_Tengnagelii

529 4585 1369 4644 collectione‘Monumentorum
1403 4595 1594 4642 contra
1635 4585 2020 4657 schismaticos
2061 4601 2114 4657 p.

531 4657 622 4729 85,
649 4659 867 4729 agitque
897 4659 962 4714 de
985 4674 1052 4714 eo
1085 4659 1286 4729 szepius
1309 4657 1610 4729 Beroaldus
1639 4665 1828 4729 noster
1849 4655 1905 4712 in
1939 4655 2118 4729 cum-

530 4727 954 4852 nieoimaxime
994 4729 1061 4784 ad
1103 4727 1308 4784 annum
1358 4727 1534 4795 1066,
1576 4742 1688 4799 quo
1729 4728 1851 4799 ejus
1902 4727 2115 4784 obitum

530 4814 592 4852 re
615 4814 676 4852 er
703 4839 717 4852 .

530 4807 717 4854 refert.

603 4869 786 4941 (1115)
822 4869 1164 4941 Acceperunt
1189 4869 1468 4925 enimvero
1495 4877 1783 4941 utramque
1807 4867 1862 4924 in
1885 4868 2120 4941 ordina-

531 4939 702 5005 tione,
741 4939 1101 5010 posteriorem
1148 4950 1330 4995 tamen
1373 4939 1593 4993 nonnisi
1636 4956 1706 4995 ex
1747 4939 1967 4995 licentia
2021 4955 2118 4995 seu

531 5009 922 5082 approbatione
949 5012 1189 5082 episcopi
1229 5011 1588 5066 exercendam
1622 5029 1634 5064 :
1674 5025 1785 5081 quo
1813 5025 1980 5066 sensu
2031 5010 2120 5066 hic

531 5079 926 5137 intelliaendus
940 5079 1026 5137 est
1052 5079 1373 5137 Beroaldus.

607 5149 794 5234 (1111)
835 5150 1051 5234 Non_de
1078 5153 1344 5234 modernp
1378 5149 1742 5234 ordinationis
1765 5149 1876 5206 ritu
1919 5149 2010 5205 hic
2035 5149 2118 5234 lo-

533 5219 731 5312 (ιυὲξυιζ
751 5219 1226 5312 Reuertar
1264 5221 1506 5312 esse-
1533 5219 2120 5312 V'erbée.tesers_9rsli:

2149 4349 2196 4406 D

2213 3278 2492 3334 habuerint
2529 3276 3256 3332 tuncasacerdoteimmundi
3273 3277 3408 3346 ﬁant
3435 3275 3630 3334 (Lerit.
3657 3276 3797 3340 xxvi;

2215 3386 2315 3424 non
2336 3369 2476 3440 quod
2497 3369 2791 3424 sacerdotes
2813 3369 3041 3438 leprosos
3067 3369 3266 3424 faciant
3291 3377 3343 3423 et
3367 3367 3695 3432 immundos,
3712 3367 3800 3420 scd

2212 3463 2353 3534 quod
2379 3462 2608 3516 habeant
2648 3461 2896 3516 notitiam
2926 3462 3120 3532 leprosi
3141 3470 3189 3516 et
3222 3478 3324 3517 non
3358 3461 3580 3530 leprosi,
3603 3469 3656 3515 et
3678 3475 3788 3528 pos-

2214 3555 2320 3610 sint
2361 3553 2677 3621 discernere,
2725 3553 2816 3625 qui
2866 3551 3128 3622 mundus,
3169 3553 3320 3625 quive
3361 3552 3672 3606 immundus
3711 3551 3797 3604 sit.

2217 3645 2491 3713 Quomodo
2513 3645 2591 3700 ibi
2630 3644 2894 3718 leprosum
2920 3645 3164 3700 sacerdos
3189 3644 3525 3700 immundum
3552 3643 3707 3714 facit,
3727 3644 3802 3696 sic

2213 3748 2264 3794 et
2289 3738 2376 3792 hic
2411 3737 2600 3810 alligat
2628 3743 2680 3792 et
2700 3736 2858 3792 solvit
2877 3737 3152 3808 episcopus
3191 3746 3241 3792 et
3268 3736 3565 3808 presbyter,
3593 3752 3696 3791 non
3716 3751 3798 3790 eos

2215 3833 2306 3905 qui
2328 3833 2560 3887 insontes
2587 3840 2710 3886 sunt
2737 3829 2815 3886 vel
2844 3831 3050 3886 innoxii
3069 3873 3084 3898 ,
3115 3830 3207 3886 sed
3227 3848 3322 3908 pro
3348 3832 3520 3902 officio
3544 3847 3662 3894 suo,
3685 3847 3799 3884 cum

2215 3933 2550 3996 peccatorum
2579 3923 2814 3978 audierit
2839 3925 3141 3990 varietates,
3182 3924 3282 3978 scit
3320 3925 3412 3995 qui
3433 3922 3685 3993 ligando:
3708 3923 3796 3986 sit,

2215 4019 2308 4090 qui
2357 4015 2655 4072 solvendus.
2714 4012 2848 4071 item
2904 4013 3270 4088 Hieronymus
3325 4014 3396 4070 ad
3449 4013 3794 4071 Heliodorum

2218 4110 2394 4182 (epist.
2423 4109 2478 4178 5,
2501 4106 2664 4180 Opp.,
2687 4115 2727 4164 t.
2758 4105 2850 4176 IV,
2885 4123 2941 4180 p.
2968 4123 3028 4176 Il,
3063 4123 3118 4178 p.
3157 4106 3246 4179 10)
3279 4127 3292 4162 :
3321 4106 3482 4176 Mihi,
3499 4106 3698 4179 inquit,
3723 4123 3798 4160 se-

2217 4203 2340 4258 dere
2367 4209 2490 4258 ante
2529 4200 2890 4272 presbyterum
2929 4215 3034 4254 non
3066 4198 3234 4255 licet:
3263 4199 3372 4268 illi,
3413 4200 3464 4255 si
3504 4215 3797 4270 peccat-cm,

2219 4461 2340 4500 cum
2359 4445 2602 4501 oratione
2628 4443 2914 4514 conjuncta
2939 4443 3182 4514 neciolim
3203 4441 3458 4514 solemnis
3477 4442 3538 4514 in
3565 4440 3800 4514 Ecclesia

2219 4517 2346 4588 fuit,
2387 4533 2508 4588 cum
2550 4514 2616 4570 de
2661 4511 2735 4570 ea'
2761 4515 2982 4588 antiqua
3023 4513 3236 4588 Latinae
3283 4511 3548 4588 Ecclesia:
3583 4512 3802 4567 riualis

2217 4583 2339 4642 ante
2361 4587 2732 4642 duodecimum
2755 4583 3009 4640 saeculum
3037 4586 3238 4655 scripta
3257 4583 3429 4638 altum
3455 4583 3686 4655 sileant;
3717 4600 3802 4637 nec

2217 4659 2508 4714 etiamnum
2547 4658 2612 4712 ab
2641 4657 2882 4712 omnibus
2917 4653 3242 4724 observatur,
3280 4671 3402 4709 cum
3443 4655 3503 4710 in
3531 4653 3736 4711 Cra-cia
3754 4663 3801 4708 et

2225 4729 2442 4786 Oriente
2463 4727 2926 4800 praetermittatur.
2954 4725 3123 4800 _A_tqui
3164 4725 3366 4784 saeculo
3407 4726 3594 4782 adhuc
3633 4725 3799 4782 unde-

2221 4801 2366 4858 cimo
2397 4796 2513 4856 huic
2527 4797 2752 4870 scripsit
2774 4796 3094 4870 Bernaldus.

2295 4870 2478 4942 (11415)
2512 4865 2751 4925 Omnino
2791 4869 2882 4926 hic
2921 4868 3208 4942 legendum
3228 4865 3446 4942 videtur
3465 4877 3708 4932 excusat,
3740 4874 3800 4942 _ut

2226 4938 2317 4998 hic
2347 4940 2418 5010 sit
2438 4938 2658 5006 sensus,
2700 4955 2828 4996 eum
2861 4938 3126 4996 non'esse
3149 4939 3523 5010 absolutumia
3552 4938 3796 5010 peccatis,

2225 5012 2321 5084 qui
2342 5009 2522 5084 sciens
2539 5011 2830 5084 conﬁtetur
2847 5010 3164 5084 presbytero
3176 5009 3420 5084 nondum
3437 5009 3508 5064 ab
3527 5009 3796 5084 episcopo.

2226 5079 2288 5140 ut
2311 5082 2473 5139 modo
2507 5081 2808 5153 loquimur,
2835 5079 3165 5153 approbato;
3196 5081 3335 5136 bene
3361 5093 3519 5153 vero,
3547 5079 3597 5134 si
3636 5079 3691 5135 id
3718 5079 3798 5153 te:

2222 5153 2378 5220 cerit,
2403 5153 2547 5223 bona
2580 5149 2684 5208 ﬁde
2717 5149 2888 5208 illum‘
2905 5149 3262 5223 approbatum
3290 5150 3641 5223 esistmans,
3663 5149 3797 5220 quod

2223 5219 2408 5312 plures
2432 5222 2672 5312 theologi
2697 5223 2914 5312 docent,
2939 5219 3647 5312 deiectumjurisdictionis
3681 5219 3797 5276 tunc
