3986 5312
180 94 328 152 1219

1071 95 1356 152 APPEND.
1391 94 1478 150 111.
1521 125 1586 134 —-
1628 93 2060 150 MONUMENTA
2099 92 2559 151 CREGORIANA.

3310 95 3450 153 {250

177 209 308 266 licet
343 204 657 267 m'e'tradere
688 209 906 266 Satanw
940 210 995 265 in
1028 212 1302 266 interitum
1329 211 1506 265 carnis
1555 219 1614 264 ut
1646 211 1759 280 spi-
1790 213 1836 269 Α
1861 226 1931 265 ne
1991 210 2051 264 Β.
2114 218 2350 266 namaso
2401 226 2554 282 papa:
2575 208 2855 281 sacrisque
2918 210 3256 278 canonibus,
3308 211 3450 268 hanc

177 300 323 354 ritus
352 299 528 355 salvus
552 300 622 354 sit
654 301 709 353 in
730 300 817 355 die
841 300 1076 356 Domini.
1107 299 1213 356 Sed
1250 301 1336 357 ha:
1356 301 1638 358 sententia:
1661 316 1758 356 su-

177 390 492 460 perioribus
510 391 566 445 in
587 391 738 446 nullo
759 392 1159 458 contradicunt,
1181 408 1305 463 quae
1329 392 1514 447 itidem
1538 392 1764 465 presby-

176 482 318 537 teris
349 481 664 554 huiusmodi
696 492 1017 553 potestatem
1057 484 1201 540 circa
1232 482 1559 555 pmnitentes
1587 484 1761 539 ascri-

178 572 343 639 bunt,
371 588 483 629 non
516 581 702 632 tamen
729 584 791 629 ut
829 575 1100 646 episcopis
1131 591 1197 630 ex
1236 590 1428 631 eorum
1472 590 1762 631 consecra-

177 664 356 732 tione,
380 665 476 719 sed
492 680 560 720 ex
581 665 963 737 episcoporum
986 667 1254 737 jussione,
1283 676 1343 723 ut
1367 681 1605 724 canones
1627 682 1766 738 pra:-

180 756 454 811 scribunt.
500 754 611 813 Nec
644 758 835 829 utique
874 757 935 813 Β.
980 756 1343 831 Hieronymus
1389 758 1445 813 in
1493 758 1766 829 praedictis

180 848 496 915 sententiis,
523 848 667 904 unde
708 850 919 920 probati
950 851 1056 906 hoc
1089 849 1182 921 jus
1207 850 1461 917 habeant,
1491 850 1768 922 signanter

180 939 474 1008 expressit,
494 940 695 1010 sedeos
713 948 925 996 tantum
942 941 1046 996 hoc
1064 941 1265 997 habere
1278 940 1597 1012 simpliciter
1616 949 1767 996 nota—

182 1027 285 1081 vit.
302 1026 567 1084 Praeterea
597 1029 645 1084 si
662 1045 729 1084 ex
753 1031 1167 1088 consecratione
1184 1031 1346 1087 etiam
1377 1047 1530 1087 more
1549 1031 1766 1103 episco-

180 1135 384 1190 porum
410 1120 512 1177 hos
537 1136 633 1177 eos
654 1121 853 1178 habere
880 1123 1136 1190 dixisset,
1152 1138 1256 1178 nos
1284 1132 1466 1179 tamen
1485 1123 1768 1180 canonicis

182 1212 564 1269 sanctionibus
595 1214 744 1270 salva
767 1215 887 1286 ejus
927 1215 1246 1285 reverentia,
1277 1216 1332 1272 in
1359 1215 1465 1272 hoc
1492 1216 1769 1272 contradi-

183 1319 315 1360 cere
342 1320 450 1359 lIOI'l
476 1318 954 1376 przesumeremus.

257 1394 351 1450 XI.
394 1395 594 1453 Beatus
635 1413 854 1470 quoque
900 1399 1195 1471 Gregorius
1227 1415 1367 1472 papa
1413 1402 1659 1459 scribens
1701 1402 1769 1460 ad

180 1486 509 1544 Ianuarium
533 1488 901 1546 Calaritanum
917 1492 1231 1563 episcopum
1253 1493 1369 1565 (lib.
1395 1510 1467 1561 ιν,
1497 1495 1650 1565 epist.
1675 1495 1768 1565 26)

182 1580 519 1650 quibusdam
579 1582 938 1655 presbyteris,
998 1593 1057 1639 ut
1120 1586 1420 1657 neophytos
1472 1585 1766 1642 conﬁrma-

180 1680 330 1737 rent,
348 1674 613 1742 permisit,
638 1675 782 1745 quod
807 1675 996 1747 utique
1024 1677 1094 1730 ab
1123 1675 1300 1731 ollicio
1324 1678 1767 1751 presbyterorum

182 1762 409 1832 penitus
439 1772 762 1821 extraneum
805 1783 915 1822 non
950 1768 1237 1839 ignoravit.
1276 1767 1541 1838 Pervenit,
1571 1771 1767 1841 inquit,

184 1854 260 1908 ad
291 1871 407 1921 nos,
436 1857 691 1927 quosdam
720 1859 1113 1915 scandalizatos
1161 1859 1344 1931 fuisse,
1381 1862 1522 1933 quod
1551 1862 1769 1935 presby-

187 1956 332 2000 teros
367 1964 454 2002 eos
488 1956 700 2020 tangere
725 1951 1030 2018 chrismate,
1053 1953 1145 2024 qui
1173 1960 1296 2007 sunt
1323 1952 1606 2025 baptizati,
1646 1972 1771 2027 pro-

184 2037 475 2093 hibuimus.
507 2039 578 2094 Et
599 2057 692 2096 nos
711 2043 921 2113 quidem
945 2044 1232 2099 secundum
1267 2062 1422 2100 usum
1443 2054 1661 2103 veterem
1673 2064 1770 2103 no-

184 2138 318 2184 strae
340 2129 596 2186 Ecclesia:
619 2133 857 2203 fecimus.
888 2133 991 2190 Sed
1014 2137 1062 2190 si
1083 2138 1295 2191 omnino
1321 2136 1420 2192 hac
1442 2138 1508 2193 de
1529 2155 1585 2194 re
1604 2138 1772 2211 aliqui

186 2218 619 2291 contristantur,
667 2226 759 2280 ubi
804 2226 1031 2298 episcopi
1088 2229 1309 2297 desunt,
1364 2237 1425 2284 ut
1481 2231 1773 2303 presbyteri

185 2314 355 2367 etiam
396 2314 452 2367 in
492 2313 754 2384 frontibus
784 2319 1081 2389 baptizatos
1115 2320 1399 2377 chrismate
1446 2330 1658 2396 tangere
1684 2325 1775 2380 de-

189 2404 369 2472 beant,
413 2407 768 2464 concedimus.
807 2407 919 2466 Has
965 2427 1098 2468 sane
1142 2411 1588 2472 contirmationes
1626 2425 1775 2472 ratas

188 2494 364 2553 fuisse
385 2513 497 2554 non
527 2498 859 2570 dubitamus,
883 2519 1020 2574 quas
1045 2505 1120 2560 illi
1141 2507 1443 2579 presbyteri
1466 2524 1533 2564 ex
1555 2520 1776 2581 aposto-

189 2587 294 2643 lica
331 2591 706 2659 concessione,
740 2609 852 2650 non
880 2610 947 2651 ex
984 2598 1201 2668 propria
1228 2601 1666 2671 praesumptione,
1697 2601 1777 2657 fe-

190 2689 426 2736 cerunt:
468 2683 615 2753 quod
648 2684 838 2756 utique
884 2687 930 2742 si
962 2686 1239 2757 fecissent,
1273 2690 1431 2761 juxta
1458 2693 1776 2763 praedictum

193 2769 253 2825 S.
304 2770 527 2828 Eusebii
569 2789 723 2845 papae
765 2785 1030 2833 statutum
1060 2780 1276 2850 penitus
1318 2780 1488 2838 irritat
1523 2782 1773 2841 fuissent.

1861 300 2110 356 eamdem
2142 300 2576 371 prohibentibus,
2601 299 2877 355 adversari
2898 299 3225 370 judicemur.
3255 299 3450 356 Tutius

1860 391 2008 448 enim
2032 392 2265 459 videtur,
2296 401 2358 447 ut
2380 391 2648 456 dicamus,
2672 405 2795 445 eam
2819 391 2941 447 illos
2962 391 3163 448 habere
3181 406 3247 448 ex
3264 392 3447 461 aliqua

1863 484 2214 540 concessione
2232 483 2546 555 episcopali,
2580 497 2744 554 quam
2768 497 2834 538 ex
2878 484 3208 553 proprietate
3255 482 3446 550 ofﬁcii;

1863 571 2007 627 sicut
2029 581 2085 628 et
2114 573 2541 628 snbdiaconibus
2591 587 2911 628 concessum
2956 573 3196 628 creditur
3224 573 3289 627 ad
3317 572 3452 628 mis-

1865 678 1983 718 sam
2025 669 2202 735 tegere
2230 661 2550 733 Epistolam,
2592 664 2738 735 Quod
2791 679 2854 718 ex
2894 665 3304 720 consecratione
3341 681 3448 720 non

1863 754 2118 810 videntur
2153 755 2354 810 habere
2384 755 2587 827 (1119).
2627 755 2761 811 Tam
2784 756 2890 812 late
2924 765 3105 812 autem
3134 757 3451 827 lzujusmodi

1866 846 2205 902 consuetudo
2251 847 2603 903 benedicendi
2649 847 2905 918 populum
2945 847 2999 901 in
3044 847 3276 902 ecclesia
3323 863 3450 918 pre-

1867 937 2103 1009 sbyteris
2149 937 2393 1003 inolevit,
2436 947 2496 993 ut
2522 954 2631 992 non
2661 938 2868 1009 absque
2904 937 3196 1009 episcopali
3227 953 3454 994 conces-

1867 1030 2021 1086 sione
2041 1030 2176 1086 adeo
2203 1040 2497 1103 propagata
2522 1031 2625 1086 rite
2660 1032 2932 1099 credatur,
2956 1047 3054 1087 nec
3074 1048 3304 1102 parvum
3328 1032 3453 1086 inde

1868 1123 2188 1179 scandalum
2231 1124 2558 1192 oboriretur,
2611 1124 2655 1180 si
2683 1123 2795 1195 jam
2845 1125 3007 1181 modo
3040 1141 3073 1180 a
3118 1124 3453 1197 presbyteris

1868 1212 2317 1269 intermitteretur

1940 1304 2077 1361 XII].
2112 1304 2309 1363 Beatus
2343 1322 2562 1385 quoque
2590 1307 2861 1365 Damasus
2894 1308 2963 1364 ad
3002 1311 3452 1381 compescendam

1869 1399 2383 1471 chorepiscoporum
2434 1400 2779 1456 insolentiam
2857 1402 3164 1458 aretissime
3216 1402 3453 1458 oilicium

1870 1499 1980 1546 tam
2004 1492 2302 1564 presbyteri
2343 1508 2508 1564 quam
2564 1493 2938 1565 chorepiscopi
3000 1494 3452 1565 circumscripsit,

1872 1591 2057 1654 utpote
2108 1600 2246 1654 quos
2306 1583 2449 1640 idem
2488 1601 2609 1640 esse
2636 1585 2943 1656 judicavit:
2981 1602 3091 1641 non
3135 1595 3314 1641 tamen
3346 1586 3453 1641 sibi

1870 1677 1953 1734 vel
1988 1676 2104 1732 suis
2125 1677 2535 1734 successoribus
2561 1677 2914 1751 prmscripsit,
2947 1678 3078 1749 quin
3112 1677 3444 1750 presbyteris

1868 1769 2117 1840 quaedam
2146 1769 2441 1825 concedere
2479 1778 2721 1842 possent,
2747 1786 2869 1841 quae
2914 1769 3030 1840 ipse
3061 1785 3251 1828 eorum
3278 1769 3455 1824 cilicio

1869 1862 2090 1935 proprie
2126 1878 2234 1917 non
2262 1862 2492 1918 attinere
2531 1862 2798 1934 praedixit.
2843 1860 2989 1917 Nihil
3016 1870 3197 1917 autem
3227 1878 3329 1917 nos
3356 1878 3452 1917 eo-

1870 1971 1994 2010 rum
2024 1954 2279 2026 potestati
2304 1963 2492 2011 contra
2535 1954 2855 2011 canonicam
2888 1954 3268 2009 auctoritatem
3290 1962 3347 2009 et
3367 1970 3455 2010 ec-

1872 2047 2232 2103 clesiasticam
2256 2048 2703 2103 consuetudinem
2748 2061 3005 2119 arrogare
3042 2047 3323 2113 debemus,
3348 2045 3454 2102 etsi

1873 2138 1930 2194 in
1957 2138 2324 2209 quorumdam
2350 2139 2632 2195 sententiis
2652 2153 2760 2194 non
2783 2138 2916 2194 adeo
2945 2137 3273 2194 authenticis
3304 2153 3457 2209 quae-

1872 2229 2001 2287 dam
2024 2230 2106 2286 eis
2134 2246 2300 2302 supra
2337 2232 2559 2287 modum
2592 2245 2854 2287 concessa
2886 2229 3153 2302 legamus,
3181 2238 3243 2286 ut
3270 2229 3328 2285 in
3350 2229 3458 2285 lle-

1874 2324 2025 2396 gensi
2075 2323 2305 2380 concilio
2342 2324 2579 2396 capitulo
2620 2325 2654 2380 4
2684 2322 2867 2396 (1120)
2912 2323 3244 2395 presbyteris
3270 2337 3460 2378 conce-

1874 2416 2116 2484 ditur,ut
2135 2415 2375 2488 virgines
2403 2431 2723 2473 consecrare
2745 2424 2802 2471 et
2818 2416 3115 2487 neophytos
3137 2430 3460 2470 consecrare

1876 2509 2127 2578 possint:
2164 2509 2309 2580 quod
2357 2508 2650 2579 apostolica
2696 2507 2993 2563 auctoritas
3013 2514 3067 2561 et
3085 2505 3458 2561 ecclesiastica

1877 2601 2216 2658 consuetudo
2237 2600 2457 2671 penitus
2483 2600 2563 2655 eis
2594 2599 2925 2655 intercludit.
2950 2597 3055 2669 lpsi
3083 2596 3458 2668 cborepiscopi

1876 2701 1932 2747 et
1959 2692 2263 2765 presbyteri
2293 2692 2457 2747 etiam
2486 2699 2714 2747 caveant
2762 2690 2895 2757 sibi,
2926 2705 2995 2744 ne
3029 2689 3215 2744 illicita
3257 2698 3460 2744 temere

1878 2791 2232 2856 praesumant,
2284 2799 2354 2839 ne
2388 2784 2455 2838 de
2482 2798 2672 2838 eorum
2731 2781 3154 2853 praesumptione
3194 2780 3461 2836 veraciter
3530 2824 3539 2833 .

193 2861 352 2918 Sicut
397 2879 528 2937 ergo
573 2865 650 2923 illi
695 2869 995 2943 presbyteri
1030 2872 1122 2943 jus
1168 2872 1526 2930 conﬁrmandi
1564 2892 1672 2931 non
1709 2894 1774 2933 ex
1804 2889 1846 2948 α
1877 2876 2111 2944 dicatur,
2137 2876 2285 2947 quod
2319 2875 2379 2931 Β.
2428 2874 2699 2931 Damasus
2726 2889 2865 2945 papa
2890 2873 2956 2929 de
2980 2873 3289 2944 hujusmodi
3323 2888 3461 2942 pra:-

191 2958 625 3027 consecratione,
664 2962 760 3017 sed
798 2976 827 3017 a
869 2962 1091 3020 domino
1114 2966 1413 3035 apostolico
1446 2966 1774 3037 habuerunt,

192 3048 267 3105 ita
317 3060 373 3105 et
419 3051 648 3121 quilibet
688 3053 988 3126 presbyteri
1030 3072 1141 3112 non
1192 3065 1306 3114 tam
1365 3073 1432 3115 ex
1489 3075 1776 3118 consecra-

191 3141 344 3197 tione
400 3142 586 3214 (1117)
626 3158 791 3214 quam
840 3146 910 3200 ab
948 3146 1240 3219 episcopali
1275 3151 1632 3207 concessione
1672 3152 1773 3207 ha-

191 3231 363 3299 bent,
414 3234 562 3303 quod
616 3235 942 3304 pmnitentes
992 3239 1345 3296 reconciliare
1389 3242 1591 3298 valent.
1654 3242 1772 3300 Non

191 3339 384 3379 eorum
410 3326 586 3381 otIicio
606 3326 812 3397 aliquid
840 3328 1112 3385 ascribere
1137 3332 1542 3403 pnesumimus,
1578 3351 1770 3393 eorum

192 3431 316 3486 qua:
347 3418 399 3470 in
425 3418 741 3488 apostolicis
767 3421 987 3476 statutis
1017 3422 1234 3492 penitus
1264 3424 1346 3479 eis
1382 3426 1656 3496 prohibita
1692 3429 1770 3486 le-

192 3523 397 3577 gimus.

262 3597 385 3656 Xll.
405 3597 843 3656 Benedictionem
868 3617 1084 3673 quoque
1106 3619 1275 3674 super.
1297 3606 1576 3676 populum,
1606 3624 1773 3679 quam

194 3687 255 3743 S.
285 3687 651 3762 Hieronymus
674 3690 728 3746 in
762 3692 989 3763 cpistola
1015 3709 1112 3750 sua
1142 3695 1211 3750 ad
1255 3694 1538 3754 Rusticum
1564 3698 1776 3756 Narbo-

194 3800 427 3841 nensem
451 3786 765 3858 episcopum
795 3787 977 3860 (1118)
1023 3792 1356 3864 presbyteris
1406 3794 1653 3862 ascribit,
1676 3811 1779 3852 nos

194 3879 417 3951 proprie
445 3895 636 3935 eorum
668 3881 843 3938 oﬂicio
885 3882 1162 3940 ascribere
1219 3900 1327 3941 non
1372 3888 1778 3958 praesumimus,

269 4014 457 4088 (1117)
488 4013 627 4071 Hinc
654 4031 872 4089 quoque
900 4018 1079 4088 palam
1107 4018 1184 4085 lit,
1215 4029 1494 4078 auctorem
1528 4032 1780 4080 nostrum

1876 2968 2254 3039 sumptoribus
2275 2968 2559 3024 verissime
2592 2975 2923 3038 protestetur
2954 2967 3126 3036 (epist.
3160 2966 3225 3032 5;
3270 2963 3460 3033 Ltnn.,

1876 3069 1899 3116 t
1942 3059 2008 3127 ll,
2041 3076 2164 3132 pag.
2196 3059 2322 3131 876)
2352 3080 2363 3115 :
2388 3058 2795 3130 Chorepiscopi,
2852 3057 3046 3129 inquit,
3073 3057 3186 3113 sive
3229 3057 3460 3129 presby-

1874 3153 1999 3220 teri,
2031 3153 2121 3224 qui
2172 3151 2368 3207 illicita
2412 3150 2817 3223 praesumebant,
2847 3159 2984 3222 quod
3029 3149 3249 3221 agebant
3280 3156 3460 3202 actum

1876 3265 1979 3303 non
1999 3256 2114 3302 erat
2131 3264 2150 3313 ;
2170 3256 2219 3301 et
2246 3255 2523 3318 propterea
2550 3243 2705 3318 multi
2733 3244 2789 3297 in
2833 3243 3168 3297 securitatem
3214 3241 3354 3311 lapsi
3377 3257 3463 3296 ec-

1875 3341 2173 3396 clesiastico
2203 3322 2595 3409 fraudabantur
2638 3344 2688 3390 et
2716 3334 3115 3406 frustrabantur
3145 3334 3459 3389 ministerio.

1876 3432 2218 3504 Quapropter
2270 3440 2324 3485 et
2355 3430 2535 3485 adhuc
2563 3436 2793 3484 caveant
2833 3426 3135 3499 presbyteri
3177 3426 3232 3481 in
3272 3425 3465 3481 ciliciis

1874 3523 2260 3582 ecclesiasticis
2296 3522 2484 3579 illicita
2524 3531 2579 3576 et
2609 3521 2927 3576 inconcessa
2957 3534 3242 3589 usurpare,
3270 3534 3338 3572 ne
3366 3533 3462 3572 ea-
3566 3557 3580 3569 .

1876 3619 2073 3674 nonica
2101 3617 2307 3671 ultione
2347 3614 2543 3670 merito
2588 3614 2910 3679 multentur,
2948 3615 3074 3667 chm
3110 3626 3205 3680 per
3236 3619 3466 3664 temera-

1878 3711 2016 3766 riam
2041 3707 2458 3778 usurpationem
2495 3706 2660 3760 etiam
2700 3704 2885 3759 ﬁdeles
2905 3702 3279 3759 ecclesiastico
3306 3699 3463 3756 mini-

1878 3801 2045 3860 sterio
2068 3798 2390 3858 defraudare
2414 3797 2746 3870 judicentur.

1961 4022 2144 4107 (1119)
2177 4020 2386 4107 Similia
2405 4019 2474 4107 de
2494 4017 3054 4107 subdiaconi‘sﬂscrihit
3074 4016 3468 4107 Isaachxudzn‘a-

196 4086 310 4140 non
333 4101 562 4164 negasse
590 4086 835 4164 omnino,
859 4086 1186 4164 presbyteris
1202 4092 1516 4164 absolvendi
1540 4104 1784 4164 potesta-
1816 4102 1862 4158 D
1886 4086 2061 4151 larius
2090 4086 2423 4164 Fortunatus
2444 4092 2480 4145 l.
2506 4108 2523 4146 ι
2549 4089 2763 4164 De‘div.
2800 4086 2963 4164 oilic.,
2994 4104 3043 4164 c_.
3070 4088 3155 4154 11,
3182 4097 3237 4143 et
3263 4087 3466 4164 Micco—

196 4166 309 4211 tcm
341 4154 1076 4246 in:ordinatione.conierri,
1140 4162 1235 4217 sed
1282 4170 1493 4246 tantum
1539 4154 1783 4234 ejusdem

195 4230 537 4310 exercitium.
563 4242 659 4310 seu
696 4230 1153 4311 jurisdictionem,
1179 4248 1343 4303 quam
1396 4230 1584 4305 utique
1618 4251 1649 4291 a
1683 4252 1784 4306 po-

196 4306 396 4370 testate
422 4298 632 4354 ordtms
664 4300 1005 4370 distinguunt
1036 4302 1283 4361 moderni
1310 4304 1567 4370 theologi,
1600 4307 1787 4361 termi-

198 4321 396 4379 ιιξδωιε
422 4321 632 4354 urutms
664 4321 1005 4381 (Itsuuguutlt
1037 4321 1283 4361 mouernt
1310 4321 1567 4386 tneorogt,
1600 4321 1784 4361 termi-

197 4385 289 4424 IIIS
310 4369 596 4435 duntaxat,
634 4386 742 4425 non
796 4371 1044 4427 doctrina
1086 4372 1252 4427 etiam
1289 4374 1358 4429 ab
1412 4376 1655 4447 antiquis
1700 4377 1784 4433 di-

196 4447 536 4508 screpantes.

273 4508 459 4580 (1118)
483 4508 715 4587 Esthuic
742 4510 970 4587 epistola
990 4511 1061 4587 95
1097 4511 1160 4587 ξ.
1192 4510 1504 4587 Hieronymi
1528 4514 1710 4587 (Opp.,
1740 4526 1778 4572 t.

196 4578 292 4645 IV,
403 4578 463 4645 ιι,
504 4595 558 4650 p.
595 4578 717 4647 769)
743 4578 943 4653 scripta
983 4583 1051 4638 ad
1097 4578 1781 4655 Rusticum'monachum,

196 4666 309 4703 una
335 4666 385 4703 IS
432 4658 561 4703 tunc
610 4649 788 4703 adhuc
810 4660 945 4703 erat-
980 4652 1155 4703 factus
1187 4664 1373 4703 postea
1413 4653 1781 4703 Narbonensi:

195 4649 385 4736 qualis
432 4649 788 4736 tunc‘adhuc
810 4649 945 4736 erat,
980 4649 1786 4736 factrusupos‘teaNarbonensis

194 4722 516 4799 episcopus,
547 4721 614 4776 de
637 4736 750 4791 quo
773 4722 953 4794 agitur
991 4724 1045 4779 in
1074 4721 1245 4780 Gallia
1270 4724 1581 4782 Christiana
1604 4728 1666 4799 (t.
1693 4726 1782 4795 Vl,

196 4808 254 4863 ρο
282 4791 337 4862 ⁷)

498 4932 2797 4959 _____________________________

1886 4168 2043 4237 logus
2068 4162 2602 4237 Bernaldocozevus,
2634 4157 2709 4237 De
2750 4159 2942 4237 eccles.
2986 4158 3280 4237 observat._,
3305 4173 3353 4212 c.
3367 4158 3416 4237 ,β
3450 4178 3461 4211 :

1887 4227 2028 4293 solis
2050 4234 2407 4300 subdiaconis,
2450 4232 2647 4301 inquit,
2685 4230 2822 4283 inter
2842 4230 3115 4298 inferiores
3138 4230 3335 4301 gradus
3362 4227 3467 4301 fio-4

1886 4324 2045 4361 mana
2088 4298 2402 4359 auctoritas
2440 4298 2696 4365 con—cedit,
2721 4309 2780 4354 ut
2811 4301 2980 4353 sacris
3032 4300 3257 4353 vestibus
3290 4298 3469 4352 induti

1887 4375 2189 4448 Epistolam
2214 4374 2389 4445 legant
2411 4374 2497 4448 ad
2523 4373 2775 4448 missam;
2798 4370 2935 4448 quod
2958 4379 3130 4448 tamen
3162 4387 3264 4424 non
3287 4384 3469 4448 εει-ειη

1890 4441 2299 4510 consecratione,
2330 4444 2421 4499 sed
2447 4444 2622 4514 potius
2657 4458 2721 4497 ex
2748 4441 3103 4514 ecclesiastica
3132 4441 3470 4514 consensione

1889 4525 2191 4573 meruerunt
2233 4511 2483 4569 obtinere.
2516 4511 2671 4569 Unde
2714 4521 2845 4567 tunc
2864 4511 3095 4567 necdum
3130 4512 3331 4566 usitata
3353 4516 3473 4564 erat

1887 4589 2012 4661 libri
2037 4587 2406 4661 Epistolarum
2440 4584 2660 4661 traditio
2670 4584 2725 4638 in
2747 4580 3323 4661 eorumprdinatione,
3350 4595 3473 4648 qua:

1887 4659 2052 4715 etiam
2074 4651 2226 4712 abest
2255 4657 2311 4711 in
2334 4655 2591 4710 omnibus
2618 4652 2908 4710 ritualibus
2937 4651 3146 4708 Latinis
3187 4660 3315 4708 ante
3337 4663 3475 4718 qna—

1887 4729 2204 4793 dringentos
2226 4740 2401 4781 annos
2422 4724 2659 4793 scriptis.

1960 4746 2009 4783 In
2049 4746 2204 4783 entos
2226 4746 2401 4781 annos
2422 4746 2659 4793 scrupus.

1960 4746 2143 4872 (ΙΞΞΟ)
2164 4796 2468 4852 Concilium
2501 4793 2767 4867 Regiense
2794 4793 2848 4847 in
2879 4790 3172 4850 Provincia
3215 4790 3286 4847 29
3337 4785 3476 4843 Nov.

2805 4920 3446 4950 Μ

1377 5031 2353 5150 BEBNALDI

1007 5198 1095 5253 DE
1132 5196 1527 5257 SOLUTIONE
1561 5199 2135 5261 JURAMENTOBUM
2169 5196 2615 5257 TRACTATUS.
