3986 5312
531 163 666 225 1231

1426 236 1433 245 ι
1516 163 1609 219 ΑΙ)
1643 162 1873 220 ΟΡΕΒΛ
1914 162 1971 220 S.
2008 160 2337 237 CREGORll
2375 165 2824 224 APPENDICES.

3688 164 3819 224 1232

528 277 944 361 διιιιιιῑθῃςίιιιιε.
960 275 1243 361 speciatim
1268 275 1578 361 interdixit...
1610 293 1677 360 ne
1696 276 1895 361 .Ott‘oni
1917 277 2394 361 excommunicato
2427 294 2529 334 suo
2561 280 2822 351 episcopo
2852 279 3127 361 obediant.
3152 279 3307 361 llaud
3335 275 3819 361 tameniategrnm

525 360 634 421 cst,
657 350 753 408 sed
775 348 1053 421 excisisin
1090 348 1278 421 codice
1298 348 1673 421 octogpaginis
1696 349 1748 403 in
1783 348 1887 421 fine
1925 348 2200 403 mutilum.
2229 348 2495 421 Omnino
2521 348 2702 404 autem
2753 348 2889 421 post
2921 352 3054 407 illttd
3101 351 3437 421 sequebatur
3459 349 3640 421 aliud,
3670 365 3821 417 cujus

527 419 894 495 fragmentum
920 419 991 495 ibi
1016 419 1267 495 habetur,
1297 419 1547 495 ejusdem
1575 420 1881 495 argumenti
1907 434 2031 495 cunt
2060 421 2398 495 praecedente
2422 419 2507 495 ,Χι
2535 422 2602 475 de
2627 419 2804 476 oflicio
2825 419 3294 495 presbyterorum.
3330 419 3491 495 Unde
3513 420 3821 495 conjectare

526 489 674 556 licet,
701 490 1043 563 huncifuisse
1067 489 1263 543 librum
1293 489 1366 543 De
1388 490 1737 563 confessique,
1778 489 2244 563 quem__liernaltlo
2270 491 2461 546 tribuit
2482 492 2804 563 Anonymus
2825 489 3170 556 Melliéensis,
3203 506 3438 563 quemve
3459 491 3570 545 hoc
3594 489 3711 543 fato
3741 490 3822 544 in-

527 563 809 636 tercidisse
837 562 1090 636 dolemus
1126 579 1139 613 :
1181 563 1257 636 uti
1280 568 1333 636 et
1356 562 1588 636 alterum
1616 560 1693 636 De
1724 560 2539 636 concordia_o/]iciorupt,_quem
2565 560 2709 636 idem
2756 563 3082 636 Anonymus
3123 560 3263 618 libro
3290 561 3368 633 De
3396 570 3671 632 potestate
3709 577 3822 628 pre-

527 634 862 704 sbyterorum
897 630 1139 701 subjicit,
1162 631 1257 702 qui
1284 630 1425 687 forte
1456 631 1510 686 in
1535 632 1622 686 his
1653 631 1788 702 ipsis
1818 630 2067 687 rescissis
2097 642 2221 687 octo
2260 630 2406 688 foliis
2425 633 2832 700 continebatur.

599 806 1083 863 Reverendissimo
1135 807 1409 864 sacerdoti
1465 823 1531 864 ac
1568 807 1925 864 dilectissimo
1962 809 2121 866 fratri
2150 815 2195 871 A
2222 812 2445 883 pigeat:
2489 828 2614 866 nam
2647 811 2764 868 haec
2797 810 2935 868 bene
2974 813 3318 870 considerata
3365 821 3421 868 et
3447 820 3723 866 nostrates
3763 813 3824 867 dc

527 900 844 958 \VALTHERO
868 902 1194 974 evangelica:
1214 900 1568 972 perfectionis
1595 911 1650 956 et
1677 903 1959 959 canonica:
1994 918 2124 974 pro-
2224 904 2469 975 perjurio
2499 903 2871 960 indubitanter
2896 906 3242 978 expurgabit,
3275 913 3332 960 et
3373 898 3823 960 adversariorum

525 992 782 1051 fessionis
815 995 998 1066 (1121)
1031 994 1151 1050 viro
1187 992 1247 1048 B.
1278 994 1564 1066 presbyter
1598 994 1876 1065 indignus,
1910 995 2120 1050 utinam

525 1086 645 1142 solo
703 1101 935 1157 corpore
992 1085 1265 1153 infirmus,
1311 1096 1437 1156 post
1492 1086 1658 1158 hujus
1700 1086 1827 1143 vita:
1881 1087 2121 1143 stadium

525 1186 744 1235 aeterna:
777 1178 1135 1234 beatitudinis
1165 1179 1438 1234 bravium.

520 1330 531 1337 _
596 1270 639 1327 l.
688 1271 930 1327 Multum
985 1270 1133 1327 vires
1181 1280 1388 1326 nostrze
1442 1270 1831 1327 imbecillitatis
1886 1271 2117 1339 excedit,

523 1365 671 1436 quod
696 1364 1011 1421 fraternitas
1036 1372 1219 1419 vestra
1239 1363 1343 1419 sibi
1378 1379 1409 1418 a
1446 1364 1607 1420 nobis
1636 1363 1988 1419 scribendum
2020 1364 2119 1420 de-

524 1456 719 1527 poscit.
753 1456 857 1512 Sed
890 1457 1152 1523 charitas,
1186 1471 1309 1526 quae
1339 1471 1447 1511 non
1479 1456 1676 1528 quaerit
1706 1472 1829 1527 qua:
1859 1472 1954 1511 sua
1992 1465 2122 1512 sunt

525 1547 582 1621 (Ι
609 1548 734 1605 Cor.
769 1549 912 1620 xm),
951 1565 1053 1604 nos
1106 1548 1302 1604 vestris
1344 1548 1486 1604 votis
1537 1563 1780 1605 annuere
1821 1548 2115 1620 compellit,

524 1642 702 1698 satius
723 1657 846 1697 esse
871 1641 1149 1711 judicans,
1177 1656 1235 1696 se
1272 1642 1412 1696 ultra
1451 1657 1615 1713 posse
1648 1658 1810 1698 suum
1845 1643 2116 1714 quodam-

523 1733 689 1789 modo
724 1732 778 1788 in
805 1733 1109 1804 periculum
1162 1733 1396 1799 mittere,
1433 1749 1600 1804 quam
1637 1743 1833 1790 vestra:
1865 1733 2117 1789 dilectio-

525 1824 610 1879 nis
652 1825 904 1896 petitioni
950 1841 1060 1881 non
1090 1810 1331 1881 obedire.
1371 1824 1560 1881 Petitis
1603 1826 1750 1882 enim
1786 1842 1817 1881 a
1865 1826 2024 1883 nobis
2059 1838 2119 1883 ut

523 1914 740 1970 cuidam
764 1924 946 1972 vestro
971 1916 1149 1971 amico
1173 1915 1292 1971 vice
1325 1927 1507 1972 vestra
1538 1917 1991 1987 respondeamus,
2021 1918 2116 1989 qui

525 2016 787 2061 nostrates
823 2008 1011 2079 (“‘22)
1048 2009 1302 2079 perjuros
1348 2023 1472 2065 esse
1513 2010 1817 2080 improvide
1848 2009 2118 2081 dogmati-

2225 1005 2540 1053 nostrorum
2565 997 2966 1053 oblocutionem
2988 997 3397 1053 evidentissimc
3420 996 3757 1052 confutabit.

2294 1085 2382 1141 Ill.
2417 1086 2682 1142 Dominus
2708 1096 2896 1142 noster
2941 1086 3104 1143 Jesus
3126 1087 3383 1143 Christus
3422 1086 3477 1141 in
3527 1084 3824 1157 Evangelia

2223 1181 2366 1237 hanc
2397 1181 2762 1236 universalem
2783 1188 2840 1241 et
2863 1180 3237 1235 indubitanter
3263 1178 3544 1235 efficacem
3571 1177 3638 1232 Β.
3669 1177 3825 1234 Petro

2220 1274 2370 1330 dedit
2414 1281 2764 1344 potestatem,
2790 1282 2850 1327 ut
2882 1272 3106 1345 ligatum
3140 1282 3286 1328 esset
3322 1271 3599 1343 quidquid
3628 1272 3743 1342 ipse
3766 1271 3826 1327 li.

2220 1375 2424 1437 gasset,
2437 1375 2491 1421 et
2504 1365 2742 1422 solutum
2759 1364 3151 1435 quidquidipse
3165 1362 3670 1434 solvissctUIattlt.
3689 1366 3817 1433 xvi).

2219 1458 2332 1515 Nec
2360 1459 2476 1514 haec
2499 1466 2744 1529 potestas
2778 1458 2833 1512 in
2857 1456 2976 1514 sol'o
3000 1456 3163 1513 Petro
3195 1457 3485 1523 remansit,
3522 1457 3623 1513 sed
3668 1466 3724 1512 et
3772 1457 3822 1510 in

2220 1552 2360 1608 alios
2383 1549 2687 1621 apostolos,
2725 1549 2837 1604 imo
2866 1549 2920 1603 in
2960 1564 3153 1604 omnes
3193 1547 3579 1604 Ecclesiarum
3620 1548 3820 1618 princi-

2219 1660 2316 1715 pes
2351 1642 2699 1708 commeavit,
2744 1642 2904 1697 beato
2946 1640 3177 1697 Leone!
3229 1650 3553 1701 attestante.
3608 1641 3706 1711 qui
3754 1642 3825 1695 ait

2221 1738 2401 1806 (serm.
2429 1735 2482 1802 3,
2524 1734 2579 1790 in
2609 1734 2796 1789 anniv.
2848 1742 3116 1805 assumpt.
3153 1734 3288 1805 suze)
3319 1752 3332 1788 :
3374 1753 3393 1783 ι
3438 1733 3609 1801 Quod
3631 1733 3825 1789 dicitur

2220 1829 2279 1885 Β.
2313 1829 2475 1884 Petro
2507 1847 2520 1883 :
2560 1827 2680 1882 Tibi
2734 1826 2872 1881 dabo
2907 1827 3078 1882 claves
3116 1828 3261 1896 regni
3302 1826 3568 1881 (αξιοι-ωτι
3607 1824 3820 1896 (Ibat),

2217 1931 2272 1978 et
2291 1922 2522 1993 reliqua,
2555 1918 2812 1975 transivit
2838 1919 3055 1989 quidem
3079 1919 3244 1974 etiam
3275 1918 3327 1972 in
3364 1918 3510 1973 alios
3545 1920 3822 1989 apostolos

2213 2015 2308 2086 jus
2330 2013 2618 2085 potestatis
2660 2012 2828 2079 illius,
2855 2023 2910 2068 et
2946 2010 3013 2067 ad
3036 2026 3233 2067 omnes
3252 2009 3517 2089 Ecclesia:
3548 2010 3821 2081 principes

524 2107 633 2164 zat,
659 2114 725 2153 eo
756 2099 905 2169 quod
934 2099 1198 2170 depositis
1223 2108 1277 2155 et
1311 2100 1804 2156 cxcommunicatis
1833 2101 2117 2171 juramen-
2150 2168 2189 2179 ﬁ
2216 2107 2419 2163 decreti
2459 2107 2625 2179 hujus
2667 2106 2987 2163 constitutio
3028 2103 3387 2171 commeavit;
3412 2103 3515 2159 sed
3559 2120 3675 2159 non
3713 2103 3817 2158 fm-

522 2197 639 2245 tum
673 2190 1032 2261 subjectionis
1069 2208 1291 2247 servare
1322 2209 1432 2247 non
1470 2204 1829 2264 prmsumant.
1863 2192 1968 2249 Sed
2015 2210 2116 2250 nos
2150 2168 2191 2223 Β
2223 2210 2339 2255 stra
2398 2200 2492 2255 uni
2544 2199 2980 2263 commendatur,
3016 2197 3163 2268 quod
3199 2196 3463 2252 (οηιιιῑιιιιε
3511 2197 3816 2252 intimatur,

524 2282 846 2352 qualitatem
868 2282 1017 2338 illius
1033 2284 1200 2339 vestri
1223 2282 1387 2339 amici
1412 2300 1520 2340 non
1545 2284 1685 2339 bene
1707 2284 2113 2356 cognoscimus,

522 2374 796 2442 videlicet,
834 2375 881 2432 si
925 2376 1205 2432 canonicaz
1239 2377 1555 2433 auctoritati
1590 2377 1982 2448 quoquomodo
2023 2393 2116 2432 as-

525 2466 745 2535 sentiat,
799 2482 871 2522 an
918 2466 1177 2523 lucretico
1226 2482 1381 2524 more
1427 2469 1763 2540 quibuslibet
1809 2468 2117 2524 rationibus

524 2559 878 2630 pertinaciter
904 2559 1141 2615 resistat.
1177 2558 1522 2631 Quapropter
1553 2575 1663 2633 non
1704 2560 1773 2615 ad
1816 2560 1990 2625 illum,
2022 2559 2118 2615 sed

524 2650 592 2705 ad
623 2660 857 2706 vestram
881 2648 1277 2705 fraternitatem
1304 2649 1543 2706 scribere
1558 2649 1924 2715 decrevimus,
1942 2648 2120 2704 vobis-

524 2758 631 2814 que
660 2743 904 2798 rationes
954 2757 1269 2813 suggerere,
1316 2742 1520 2812 quibus
1561 2741 1712 2795 illum
1754 2740 2115 2808 conveniatis,

525 2834 669 2889 sicut
694 2833 814 2904 ejus
849 2831 1101 2903 qualitati
1141 2841 1196 2886 et
1236 2831 1564 2887 correctioni
1598 2831 1774 2902 magis
1808 2840 2119 2902 competere

522 2925 773 2981 videatis.
806 2924 883 2980 lta
905 2933 1111 2991 autem,
1136 2922 1249 2978 Deo
1287 2932 1586 2990 annuente,
1604 2923 1845 2980 scribere
1879 2922 2116 2978 tentabi-

524 3034 669 3085 mus,
698 3025 759 3072 ut
795 3017 916 3087 ejus
944 3015 1271 3072 correctioni
1321 3015 1567 3071 sufficere
1593 3015 1789 3087 possit,
1843 3015 1890 3071 si
1934 3023 2115 3070 tamen

524 3110 768 3165 nondum
802 3109 855 3163 in
882 3108 1137 3164 haeretica
1163 3108 1433 3178 pravitate
1459 3109 1813 3180 pertinaciter
1833 3108 2115 3176 obduruit,

523 3218 689 3273 quam
738 3202 942 3257 Paulus
992 3199 1276 3271 apostolus
1332 3201 1507 3273 magis
1551 3202 1918 3269 devitandam,
1951 3216 2116 3273 quam

525 3295 726 3366 saepius
752 3295 1151 3350 admonendam
1171 3293 1456 3364 judicavit.
1485 3293 1672 3350 Gratia
1696 3292 1914 3350 Domini
1947 3295 2118 3351 nostri

523 3385 652 3443 Jesu
684 3387 914 3456 Christi,
940 3396 997 3443 et
1041 3386 1284 3442 Charitas
1339 3385 1455 3453 Dei,
1490 3396 1550 3443 et
1596 3388 2022 3445 communicatio
2056 3388 2113 3444 S.

529 3478 766 3549 Spiritus
803 3479 876 3535 sit
906 3494 1033 3535 cum
1063 3478 1322 3533 onmibus
1367 3479 1523 3535 vobis
1563 3477 1651 3551 (Il
1680 3477 1804 3537 Cor.
1833 3480 1978 3553 xm),
2019 3481 2119 3537 do-
2145 3517 2188 3575 ο

528 3569 663 3624 ηιίιιί
690 3580 745 3625 et
776 3570 974 3626 fratres
1003 3569 1368 3626 dilectissimi.

598 3658 663 3713 ll.
696 3659 848 3714 Multi
871 3674 937 3714 ex
954 3658 1282 3716 adversariis
1310 3668 1512 3716 sancta:
1534 3658 1789 3718 Ecclesiae
1803 3660 2116 3722 Catholicos

527 3751 697 3806 nostri
731 3754 982 3823 temporis
1021 3751 1089 3807 de
1135 3751 1378 3824 perjurio
1413 3759 1605 3808 notare
1647 3753 1844 3821 solent,
1870 3770 1936 3809 eo
1970 3758 2116 3826 quod

526 3844 790 3915 depositis
811 3854 867 3900 et
897 3844 1389 3901 cxcommunicatis
1414 3844 1795 3921 juramcnturn
1817 3847 2114 3918 subjectio-

526 3935 615 3990 nis
650 3951 868 3991 servare
893 3935 1091 4003 nolint,
1118 3952 1149 3991 a
1176 3950 1287 4007 quo
1314 3944 1497 3991 tamen
1526 3935 1813 3994 Romanus
1839 3954 1936 3994 cos
1975 3955 2117 4010 pon~

528 4023 660 4080 tifex
694 4024 943 4097 synodali
991 4024 1200 4096 judicio
1227 4026 1465 4081 absolvit
1505 4026 1713 4100 (1125).
1761 4028 1868 4085 Sed
1909 4029 1986 4084 illi
2021 4044 2117 4086 eos

526 4122 875 4192 nequaquam
906 4121 974 4176 de
1000 4120 1243 4193 perjurio
1276 4121 1657 4193 ineulpabunt,
1684 4123 2001 4194 quicunque
2027 4139 2118 4180 ec-

525 4214 890 4270 clesiasticam
911 4222 966 4269 et
986 4214 1340 4285 apostolicam
1362 4216 1745 4271 auctoritatem
1766 4216 1911 4272 fideli
1938 4218 2119 4274 consi-

526 4304 808 4362 deratione
834 4304 1377 4376 perpenderint,quaa
1398 4315 1509 4361 tam
1529 4305 1822 4362 efficaciter
1843 4307 2118 4378 subjectos

527 4395 830 4463 absolvere,
859 4410 1026 4466 quam
1049 4395 1304 4466 praelatos
1330 4411 1523 4452 eorum
1555 4397 1829 4468 deponere
1850 4398 2117 4455 hactenus

527 4488 834 4544 consuevit.
868 4486 982 4544 lloc
1003 4503 1134 4559 ergo
1157 4496 1220 4542 ut
1246 4488 1554 4544 evidentius
1596 4488 1709 4557 fiat,
1756 4490 1920 4559 paulo
1950 4491 2118 4547 altius

522 4568 595 4637 ide
616 4581 806 4638 cadem
847 4581 1174 4651 auctoritate
1206 4596 1309 4637 nos
1356 4578 1585 4636 fideliter
1627 4582 1977 4640 considerare
2004 4600 2117 4640 non

528 4696 860 4766 celebratum
884 4695 1178 4766 nonam-")9,
1215 4692 1523 4766 praesides.
1554 4693 1760 4751 Hilario
1788 4694 2113 4751 Arelatensi.

539 4764 654 4821 Vid.
687 4766 883 4832 Labb.,
911 4776 948 4820 t.
977 4764 1064 4831 lll,
1088 4781 1140 4835 p.
1175 4764 1308 4820 I287
1333 4775 1391 4821 et
1408 4764 1818 4822 Maurianorum
1844 4782 1985 4823 nova
2011 4768 2119 4823 col-

530 4837 693 4892 lectio
725 4838 1080 4906 conciliorum
1111 4835 1297 4892 Gallia:
1328 4845 1366 4890 t.
1397 4835 1435 4902 Ι,
1475 4852 1527 4906 p.
1551 4837 1677 4892 444.

529 4936 536 4944 -
605 4907 788 4977 (ll2l)
817 4905 1008 4977 Colligi
1034 4923 1105 4977 ex,
1130 4906 1279 4962 hisce
1309 4905 1491 4962 verbis
1512 4907 1744 4973 videtur,
1768 4906 2112 4966 Waltherum

533 4978 681 5049 hunc
720 4976 1045 5049 canonicum
1086 4976 1257 5049 fuisse
1282 4978 1609 5049 regularem,
1642 4994 1706 5034 ac
1741 4978 1881 5033 forte
1909 4982 2112 5049 pariter

534 5051 588 5104 in
634 5047 998 5119 Raitenbueb,
1043 5047 1111 5102 ad
1165 5048 1322 5119 cujus
1354 5047 1579 5119 collegii
1622 5047 1925 5105 canonicos
1966 5050 2113 5105 hunc

533 5136 689 5201 aeque
708 5135 774 5174 ac
794 5118 1185 5189 pratcedentcm
1226 5118 1525 5174 tractatum
1547 5118 1718 5177 fuisse
1747 5119 2111 5191 perscriptum

531 5200 925 5312 ειὲῗῗὲἓῖῬει·
960 5268 1217 5312 nostrates
1256 5259 1347 5312 hic
1387 5260 1502 5312 sive
1546 5260 1831 5312 Blasianos
1872 5262 1957 5312 vel
1991 5277 2112 5312 om-

2218 2290 2380 2346 Petro
2426 2293 2571 2346 enim
2629 2291 2733 2347 hoc
2793 2290 2915 2346 ideo
2963 2288 3315 2361 singulariter
3361 2288 3643 2355 creditur,
3692 2291 3813 2361 quia

2218 2382 2429 2439 cunctis
2451 2374 2708 2439 Ecclesia:
2728 2381 3032 2438 rectoribus
3054 2379 3197 2437 Petri
3226 2380 3401 2435 forma
3423 2382 3809 2452 proponitur.»

2220 2473 2333 2532 llac
2367 2475 2533 2548 igitur
2560 2475 2886 2530 auctoritate
2927 2474 3191 2545 praesules
3215 2474 3534 2544 apostolici,
3569 2474 3813 2530 videtia-t

2219 2583 2565 2624 successores
2593 2566 2650 2621 S.
2680 2566 2826 2622 Petri
2851 2566 3159 2638 specialiter
3189 2575 3247 2622 et
3296 2566 3683 2637 principaliter
3720 2582 3811 2624 Su-

2218 2659 2448 2725 blimati,
2473 2659 2744 2730 quoslibet
2769 2659 2823 2714 in
2848 2658 3090 2715 Ecclesia
3115 2658 3370 2729 pnelatos
3393 2674 3500 2729 pro
3522 2661 3696 2715 certis
3716 2661 3813 2715 cri-

2220 2751 2461 2807 minibus
2488 2751 2761 2821 dcponerc
2798 2758 3225 2816 consueverunt,
3251 2759 3306 2805 et
3327 2749 3510 2806 adhuc
3538 2750 3807 2821 deponere

2219 2854 2468 2917 possunt.
2513 2843 2580 2899 Et
2622 2845 2728 2900 hoc
2758 2843 2946 2914 utique
2978 2843 3031 2898 in
3056 2841 3338 2898 canonicis
3390 2850 3448 2897 et
3496 2842 3811 2912 apostolicis

2220 2937 2596 2994 sanctionibus
2618 2945 2726 2991 tam
2752 2935 3009 2991 usitatum
3033 2935 3328 3001 invenitur,
3354 2942 3417 2989 ut
3438 2934 3578 2989 nulli
3602 2936 3809 2989 erudito

2220 3028 2347 3083 inde
2383 3028 2591 3098 aliquid
2629 3027 2988 3083 dubitandum
3014 3026 3281 3081 videatur.
3307 3024 3517 3096 Nempe
3555 3026 3618 3080 S.
3643 3025 3807 3081 Carle-

2220 3118 2398 3175 stinus
2420 3134 2558 3190 papa
2587 3117 2640 3172 in
2671 3132 2827 3173 sacra
2853 3118 3061 3189 synodo
3089 3115 3358 3187 Ephesina
3386 3115 3614 3187 (hem,
3643 3128 3683 3171 t.
3725 3115 3808 3181 Ill,

2218 3227 2273 3283 p.
2300 3211 2450 3283 553),
2485 3226 2607 3283 qua:
2643 3226 2710 3266 ex
2745 3219 2984 3280 quatuor
3023 3208 3420 3280 principalibus
3463 3208 3693 3281 synodis
3730 3220 3812 3264 est

2221 3304 2401 3371 tertia,
2412 3300 2722 3358 Nestorium
2739 3301 3105 3372 patriarcham
3120 3299 3807 3370 Constantinopolitanum:

2220 3396 2351 3452 item
2373 3394 2485 3450 Leo
2511 3392 2739 3465 Magnus
2773 3392 2830 3448 in
2880 3402 3071 3464 sancto
3102 3390 3542 3448 Chalcedonensi
3582 3391 3809 3447 concilio

2221 3484 2346 3556 (ld.,
2370 3492 2410 3539 t.
2441 3481 2531 3550 IV,
2555 3498 2610 3554 p.
2634 3481 2783 3552 417),
2816 3497 2882 3537 ex
2907 3490 3143 3553 quatuor
3171 3479 3573 3550 principalibus
3598 3480 3806 3543 ultimo,

2218 3574 2545 3632 Dioscorum
2576 3573 2945 3645 patriarcham
2985 3572 3417 3633 Alexandrinum
3461 3588 3563 3641 per
3610 3572 3809 3643 legatos

2216 3685 2348 3727 suos
2374 3668 2670 3739 apostolica
2696 3666 3023 3723 auctoritate
3049 3665 3469 3721 damnaverunt.
3500 3664 3636 3719 Item
3667 3665 3806 3720 Feii:

2217 3776 2355 3832 papa
2382 3758 2641 3814 Acacium
2664 3756 3031 3827 patriarcham
3053 3755 3728 3827 Consumtinopolitanum
3750 3757 3801 3811 in

2218 3851 2464 3907 Romana
2499 3849 2705 3922 synodo
2732 3850 2750 3921 (
2773 3848 2812 3904 ι.
2840 3841 2916 3917 c.,
2949 3864 3070 3921 pag.
3111 3848 3296 3919 l095,)
3325 3848 3613 3905 absentem
3648 3850 3805 3918 depo—

2219 3942 2329 4000 suit
2349 3951 2404 3999 et
2423 3941 2925 4008 anathematizavit,
2948 3957 3012 3996 eo
3044 3942 3193 4013 quod
3222 3941 3338 4012 ipse
3363 3943 3798 3998 communionem

2216 4034 2817 4092 excommunicatorum
2855 4034 3129 4090 declinare
3167 4034 3426 4088 noluerit.
3471 4032 3605 4089 Item
3655 4045 3707 4090 et
3746 4035 3795 4088 in

2217 4139 2411 4186 nostro
2435 4138 2679 4200 tempore
2728 4128 3059 4184 venerabilis
3097 4143 3233 4198 papa
3266 4126 3585 4183 Alexander
3628 4127 3797 4199 (ιιεξι)

2218 4221 2441 4278 Petrum
2480 4220 2859 4283 Florentinum
2897 4220 3166 4292 deposuit,
3210 4220 3371 4291 eique
3422 4219 3798 4291 Reginhcrinm

2217 4314 2585 4372 venerabilem
2603 4314 2779 4369 virum
2804 4314 3137 4385 subrogavit.
3167 4313 3273 4370 Sed
3298 4313 3584 4370 incassum
3606 4313 3802 4369 labora-

2218 4408 2424 4475 bimus,
2450 4408 2495 4462 si
2522 4406 2767 4478 singulas
2806 4406 3127 4476 hujusmodi
3170 4406 3550 4476 depositioncs
3582 4421 3798 4461 enume-

2221 4516 2345 4557 rare
2393 4498 2769 4567 voluerimus;
2821 4514 2951 4553 nam
2999 4498 3152 4569 prius
3216 4497 3379 4554 nobis
3424 4498 3598 4568 diem,
3646 4514 3799 4571 quam

2218 4592 2467 4664 exempla
2489 4591 2557 4646 de
2597 4591 2800 4648 talibus
2819 4590 3053 4647 deﬁcere
3086 4606 3197 4646 non
3228 4589 3578 4648 dubitamus.

2257 4707 2365 4764 uod
2386 4704 2588 4761 subditi
2617 4705 2775 4777 ﬁdem
2803 4706 2982 4772 iurato
3006 4706 3191 4761 datam
3217 4705 3451 4777 principi
3478 4705 3799 4769 Christiano,

2272 4795 2330 4850 eo
2359 4778 2574 4850 ejusque
2620 4778 2820 4832 sanctis
2863 4778 3163 4832 adversanti
3209 4786 3260 4831 et
3307 4793 3494 4831 eorum
3547 4788 3801 4850 pracepta

2148 4849 2468 4924 ιμ’ξοιαιιιίἶ
2516 4865 2725 4924 serpere
2775 4864 2879 4924 non
2949 4856 3244 4924 teneantur,
3287 4848 3559 4924 provocat
3607 4848 3801 4924 Gregof

2218 4922 2337 4977 rius
2363 4918 2434 4973 1X
2456 4920 2509 4974 in
2534 4920 2763 4989 epistola
2788 4920 2856 4975 ad
2878 4920 3140 4990 prtesules
3174 4918 3386 4988 Apuliae
3407 4921 3635 4990 missa;
3664 4918 3800 4990 quod

2219 5003 2403 5048 tamen
2428 4990 2621 5046 nullibi
2642 4991 2779 5046 alias
2809 5007 2868 5047 se
2885 4989 3093 5047 ’vidisse
3119 4997 3352 5045 testatur
3374 4989 3797 5058 Fleuriuleist.

2218 5061 2365 5118 Eccl.
2405 5058 2655 5133 Linix,
2687 5061 2808 5133 διο
2836 5101 2861 5133 ε
2878 5059 3260 5117 Verosimilius
3282 5069 3471 5116 tamen
3508 5063 3802 5119 Bernaldus

2218 5132 2311 5188 hic
2349 5131 2533 5206 potius
2569 5129 2795 5204 agit'de
2827 5129 3024 5188 Ottone
3059 5134 3317 5203 episcopo
3362 5147 3490 5199 suo,
3536 5149 3705 5206 quam
3739 5134 3801 5187 dc

2217 5218 2345 5274 rege
2359 5202 2619 5274 Henrico.

2289 5271 2473 5312 "191.)
2515 5272 2570 5312 Si
2597 5271 2821 5312 ῘῘινΙιηΙΙΛ
2853 5273 2983 5312 [hinc
3015 5273 3149 5312 ΙῙΙηΙ
3205 5290 3327 5312 enrr
3399 5283 3419 5312 l
3475 5271 3548 5312 m
3612 5289 3649 5312 n
3691 5272 3775 5312 τῗὶ
