3986 5312
190 242 339 300 1255

1057 242 1391 299 APPPEND.
1431 242 1518 298 III.
1556 270 1630 284 -—
1664 239 2099 299 MONUMENTA
2134 239 2602 300 GREGORIANA.

3333 240 3473 298 1‘25"

266 359 359 416 ιν.
395 358 552 417 Sicut
587 369 772 417 autem
823 361 1057 421 Romani
1091 364 1378 434 pontiﬁces
1405 378 1653 421 summos
1684 379 1782 435 pa-
1812 365 1858 422 A
1886 363 2266 434 imperatorem
2290 364 2801 424 excommunicasse
2827 362 3046 435 legitur,
3072 374 3137 415 eo
3168 357 3311 430 quod
3335 371 3473 412 con-

190 452 472 510 triarchas
500 452 770 524 deponere
795 465 1046 527 possunt,
1087 456 1162 512 ita
1184 466 1238 513 et
1263 454 1573 522 inferiores,
1596 465 1786 527 utpote

196 545 392 600 mundi
415 546 692 617 principes
716 546 924 621 (1125),
945 564 1182 619 quorum
1208 555 1398 620 utique
1427 549 1666 621 dignitas
1689 564 1786 619 po-

194 636 312 691 tius
346 653 414 692 ex
435 637 677 694 humana
697 639 1099 709 adinventione,
1123 657 1289 712 quam
1308 658 1375 697 ex
1407 642 1588 698 divina
1625 641 1785 697 insti-

96 808 117 813 _
192 727 413 784 uitio-ie
454 730 669 785 videtur
707 731 1044 800 processisse
1076 733 1281 805 (1126).
1325 732 1468 801 Quid
1494 734 1642 789 enim
1682 734 1787 788 mi-

192 830 349 885 rum,
392 818 441 875 si
487 819 788 890 apostolica
821 821 1122 881 auctoritas
1160 838 1318 894 reges
1340 823 1591 894 judicare
1626 828 1788 894 posSe

194 908 464 977 creditur,
502 925 626 981 qua:
662 909 821 981 juxta
860 912 1187 983 Apostolum
1222 923 1277 969 et
1312 915 1534 986 angelos
1569 914 1785 987 judica-

195 1006 327 1056 tura
358 1016 472 1057 non
508 1003 835 1059 dubitatur:
865 1003 1101 1060 Nescitis
1124 1047 1139 1073 ,
1185 1008 1434 1078 quoniam
1476 1017 1527 1062 et
1574 1006 1786 1081 angelos

196 1093 581 1162 iudicabimus,
627 1105 826 1167 quanto
872 1098 1041 1169 magis
1076 1099 1402 1153 scecularia?
1431 1097 1486 1171 (Ι
1528 1097 1654 1155 Cor.
1684 1100 1784 1172 γι.)

195 1182 339 1241 Nam
378 1202 537 1258 reges
575 1189 900 1244 sacerdotali
931 1191 1186 1260 potestati
1224 1199 1434 1247 certum
1482 1201 1567 1247 est
1601 1193 1787 1263 subja—

194 1292 346 1344 cere,
390 1277 452 1333 B.
498 1278 716 1335 Gelasio
756 1297 895 1352 papa
921 1282 989 1338 ad
1019 1283 1371 1339 Anastasium
1402 1285 1786 1357 imperatorem

196 1372 276 1425 ita
313 1378 653 1441 protestante
689 1373 867 1443 (epist.
898 1372 952 1441 8,
996 1373 1182 1441 Lssn.,
1207 1384 1246 1430 t.
1279 1373 1371 1442 IV,
1417 1392 1541 1447 pag.
1574 1376 1734 1447 1182)
1768 1393 1781 1430 :

196 1455 344 1521 Duo,
388 1456 586 1526 inquit,
619 1467 764 1525 sunt,
809 1459 1100 1529 imperator
1133 1460 1385 1530 Auguste,
1417 1461 1607 1531 quibus
1633 1463 1785 1531 prin-

196 1548 451 1619 cipaliter
476 1550 562 1606 hic
589 1551 816 1605 mundus
844 1552 1064 1622 regitur,
1090 1552 1385 1607 auctoritas
1411 1563 1627 1608 sacrata
1651 1570 1786 1624 pon-

200 1643 435 1713 tificum,
465 1652 517 1698 et
547 1643 742 1715 regalis
768 1652 1037 1714 potestas;
1086 1645 1143 1698 in
1180 1645 1370 1716 quibus
1402 1654 1551 1699 tanto
1573 1647 1786 1717 gravius

195 1745 281 1791 est
316 1735 523 1807 pondus
558 1736 915 1803 sacerdotum,
960 1746 1160 1807 quanto
1185 1738 1349 1791 etiam
1376 1754 1472 1808 pro
1494 1739 1623 1809 ipsis
1652 1738 1791 1809 regi-

197 1830 300 1883 bus
329 1828 601 1883 hominum
622 1829 678 1883 in
697 1828 876 1883 divino
907 1829 1175 1883 reddituri
1201 1837 1325 1883 sunt
1346 1831 1587 1884 examine
1622 1832 1789 1884 ratio—

198 1938 342 1977 nem.
376 1919 536 1975 Nosti
576 1922 739 1988 enim,
780 1920 864 1991 ﬁli
905 1921 1341 1987 clementissime,
1370 1923 1621 1992 quoniam
1665 1922 1790 1977 licet

198 2010 491 2066 nrasideas
515 2009 745 2066 humano
768 2011 945 2081 generi
970 2011 1252 2081 dignitate,
1272 2020 1445 2065 tamen
1473 2010 1789 2082 prwsulibus

198 2102 511 2156 divinarum
547 2118 723 2156 rerum
769 2102 986 2156 devotus
1017 2102 1157 2157 colla
1200 2104 1493 2170 submittis,
1539 2113 1696 2176 atque
1723 2104 1788 2158 ab

197 2195 278 2248 eis
309 2210 502 2249 causas
528 2203 635 2249 tuae
666 2192 859 2249 salutis
881 2203 1152 2265 exspectas
1182 2194 1387 2266 (1127),
1412 2196 1632 2266 hincque
1653 2204 1702 2249 te
1722 2195 1792 2249 il-

198 2284 272 2339 lis
314 2285 471 2339 subdi
514 2285 698 2340 debere
743 2287 1014 2357 cognoscis
1063 2285 1336 2356 religionis
1382 2286 1565 2340 ordine
1613 2288 1790 2357 potius

199 2393 368 2447 quam
386 2393 640 2448 pricesse;
681 2378 820 2437 inter
844 2378 955 2433 lia’c
973 2394 1039 2433 ea:
1060 2377 1278 2432 illorum
1321 2386 1370 2433 te
1403 2379 1623 2450 pendere
1635 2380 1791 2449 judi-

202 2470 312 2537 cio,
341 2484 447 2522 non
477 2468 601 2523 illos
640 2469 713 2523 ad
743 2478 892 2524 tuam
917 2469 1045 2525 velle
1078 2470 1243 2541 redigi
1267 2470 1608 2526 voluntatem.
1656 2470 1796 2529 Hinc

204 2561 268 2618 8.
298 2561 597 2634 Gregorius
625 2577 761 2634 papa
784 2561 805 2616 1
830 2578 1206 2633 saepenumero
1240 2563 1296 2618 in
1330 2565 1650 2636 privilegiis,
1671 2581 1794 2635 quae

202 2653 359 2721 fecit,
398 2652 596 2725 legitur
633 2654 962 2719 decrevisse,
995 2662 1055 2709 ut
1085 2662 1196 2708 tam
1226 2669 1384 2726 reges
1410 2671 1578 2722 quam
1612 2670 1796 2712 sacer-

201 2756 387 2823 dotes,
417 2756 505 2811 vel
526 2755 756 2827 quilibet
778 2754 1090 2822 saeculares,
1114 2770 1145 2810 a
1175 2755 1293 2811 suis
1317 2754 1674 2828 dignitatibus
1703 2772 1797 2812 ca-

202 2856 422 2922 derent,
473 2855 522 2911 si
572 2863 764 2911 contra
808 2854 954 2911 sedis
1008 2855 1322 2925 apostolicae
1367 2863 1570 2911 statuta
1611 2857 1799 2913 venire

203 2953 487 3002 tentarent
517 2942 723 3016 (1128).
754 2942 958 3000 Eadem
989 2954 1176 3000 autem
1216 2945 1538 3001 auctoritate
1577 2945 1638 3000 Β.
1674 2946 1797 3002 Ste-

1887 457 2121 513 senserit
2140 467 2199 513 ut
2225 457 2283 514 8.
2311 458 2548 515 Joannes
2566 458 2994 531 Chrysostomus
3017 470 3047 509 a
3070 452 3197 508 sede
3226 468 3327 507 sua
3354 449 3473 521 pel-

1886 548 2108 605 leretur.
2148 549 2280 606 Item
2311 551 2370 605 Β.
2403 550 2660 611 Nicolaus
2689 566 2826 622 papa
2863 547 2884 601 1
2928 545 3247 603 Lotharium
3288 559 3472 617 regem

1887 656 1988 711 pro
2030 643 2268 719 quadam
2313 644 2620 699 concubina
2666 637 3181 696 cxcommunicavit.
3234 635 3365 690 Item
3406 634 3469 688 Β.

1886 733 2160 788 Adrianus
2187 750 2326 805 papa
2356 734 2682 806 generaliter
2711 748 2903 788 omnes
2925 746 3079 801 reges
3107 727 3472 784 anathemati--

1890 824 2053 891 zavit,
2105 825 2419 896 quicunque
2468 826 2615 882 sedis
2664 824 2978 895 apostolicae
3017 830 3220 878 statuta
3266 820 3473 875 violare

1888 916 2356 985 praesumpserint.

1960 1004 2024 1060 γ.
2051 1004 2205 1061 Patet
2238 1023 2368 1078 ergo
2399 1008 2535 1063 satis
2558 1016 2765 1079 aperte,
2796 1006 2942 1078 quod
2967 1004 3230 1076 praesules
3251 1010 3473 1074 aposto-

1888 1097 1976 1154 lici
2001 1108 2111 1153 tam
2148 1099 2551 1155 ecclesiasticos
2585 1116 2752 1170 quam
2781 1099 3072 1154 saeculares
3101 1095 3354 1166 praelatos
3380 1109 3474 1148 va—

1888 1192 2037 1248 leant
2065 1192 2356 1262 deponere.
2401 1190 2556 1249 Unde
2583 1202 2638 1247 et
2659 1192 2973 1247 necessario
2999 1188 3376 1258 consequitur,
3413 1193 3476 1240 ut

1888 1294 1943 1339 et
1977 1285 2253 1356 subjectos
2278 1284 2344 1339 de
2374 1285 2629 1340 manibus
2656 1283 3008 1355 prtelatorum
3042 1280 3250 1352 possint
3283 1295 3473 1335 eman-

1889 1376 2100 1449 cipare;
2134 1391 2245 1431 non
2273 1376 2421 1432 enim
2458 1384 2577 1433 rata
2610 1383 2798 1447 posset
2835 1390 2959 1430 esse
2995 1373 3345 1443 prtelatorum
3374 1370 3472 1425 de-

1887 1468 2111 1540 positio,
2153 1469 2198 1523 si
2230 1468 2604 1538 subjcctorum
2632 1468 2780 1523 nulla
2819 1474 3005 1537 posset
3034 1464 3149 1519 ﬁeri
3171 1463 3473 1518 subtractio

1890 1559 2095 1634 (1150).
2133 1557 2238 1615 Sed
2263 1560 2445 1615 ethoc
2467 1568 2677 1616 certum
2713 1567 2797 1614 est
2823 1557 3079 1614 omnibus
3105 1553 3404 1609 Catholicis
3421 1561 3476 1607 et

1889 1652 2139 1718 eruditis,
2181 1652 2328 1723 quod
2369 1651 2430 1706 Β.
2466 1649 2663 1707 Petrus
2691 1666 2722 1705 a
2758 1650 2992 1706 Domino
3026 1663 3180 1718 teque
3202 1643 3473 1713 generali-

1893 1752 1975 1799 ter
1994 1753 2048 1799 et
2083 1743 2371 1799 ellicaciter
2403 1753 2513 1798 tam
2542 1742 2787 1799 solvendi
2813 1758 2979 1813 quam
3008 1740 3211 1813 ligandi
3232 1747 3476 1811 potesta-

1894 1846 2001 1892 tem
2027 1836 2299 1906 acceperit
2336 1835 2557 1908 (Matth.
2586 1834 2721 1906 xvi).
2753 1833 2908 1890 Unde
2947 1842 3002 1887 et
3041 1832 3231 1888 vicarii
3276 1831 3471 1902 ipsius,

1889 1929 1985 2000 qui
2006 1945 2072 1984 ex
2094 1929 2391 1999 apostolica
2415 1928 2740 1983 auctoritate
2760 1928 3014 1998 przelatos
3035 1934 3265 1995 possunt
3282 1925 3470 1995 ligare,

1890 2038 1960 2076 ne
1994 2021 2255 2092 subjectis
2301 2022 2648 2092 praesideant,
2697 2021 2888 2076 eadem
2937 2027 3263 2075 auctoritate
3306 2020 3473 2074 etiam

1892 2113 2167 2185 subjectos
2196 2114 2500 2179 absolvere,
2532 2129 2599 2168 ne
2622 2112 2830 2168 eisdem
2865 2112 3103 2183 prmlatis
3133 2111 3471 2182 subjaceant.

1895 2204 1987 2261 Sic
2009 2206 2195 2276 utique
2238 2203 2296 2259 8.
2341 2203 2672 2261 Caelestinus
2697 2220 2836 2275 papa
2869 2204 2924 2258 in
2947 2203 3157 2275 synodo
3199 2202 3474 2273 Ephesina

1891 2296 2526 2367 Constantinopolitanos
2556 2296 2614 2350 in
2641 2311 2743 2352 sua
2766 2296 3091 2351 auctoritate
3119 2295 3185 2349 de
3222 2294 3477 2349 manibus

1892 2387 2129 2445 Nestorii
2154 2389 2432 2461 quondam
2453 2388 2697 2460 episcopi
2729 2373 3093 2459 emancipavit
3123 2388 3327 2459 (1151).
3345 2385 3477 2442 Item

1897 2480 1954 2536 8.
1988 2481 2099 2537 Leo
2127 2496 2267 2553 papa
2292 2482 2346 2537 in
2371 2480 2804 2536 Chalcedonensi
2841 2480 3051 2552 synodo
3080 2480 3480 2535 Alexandrinos

1895 2575 1952 2629 in
1982 2590 2080 2629 sua
2109 2575 2436 2630 auctoritate
2463 2589 2495 2629 a
2521 2573 2785 2629 Dioscoro
2807 2573 3083 2644 quondam
3119 2572 3376 2643 episcopo
3399 2589 3484 2642 sy-

1898 2666 2079 2723 nodali
2100 2666 2309 2737 judicio
2334 2666 2609 2732 liberavit,
2640 2666 2852 2736 eisque,
2878 2673 2937 2719 ut
2963 2663 3020 2719 S.
3047 2665 3351 2720 Proterium
3377 2664 3479 2719 sibi

1896 2758 2161 2831 eligerent
2196 2759 2249 2812 in
2283 2758 2622 2828 episcopum,
2652 2757 2941 2812 concessit.
2972 2754 3097 2811 IIzec
3131 2770 3264 2810 sane
3298 2772 3484 2809 sacra-

1899 2851 2112 2908 tissima
2137 2850 2389 2915 concilia,
2423 2850 2479 2903 in
2505 2849 2706 2919 quibus
2744 2847 3061 2917 hujusmodi
3086 2848 3485 2918 emancipatio-

1898 2944 2081 2998 tiones
2115 2942 2228 2998 sive
2254 2940 2554 2998 solutiones
2587 2939 2742 2995 factae
2771 2940 3051 3011 leguntur,
3087 2947 3292 2994 tantam
3327 2955 3482 2994 reve-

206 3039 430 3109 pbanus
469 3052 609 3109 papa
652 3036 819 3107 hujus
865 3036 1107 3093 nominis
1142 3036 1417 3093 secundus
1465 3036 1796 3095 Hildericum
1827 3052 1868 3110 ο
1900 3036 2136 3091 rentiam
2165 3049 2233 3089 ex
2265 3034 2566 3104 apostolica
2593 3033 2922 3088 auctoritate
2964 3041 3301 3098 meruerunt,
3333 3041 3392 3086 ut
3419 3031 3480 3087 Β.

206 3145 395 3203 regem
424 3128 767 3186 Francorum
799 3144 902 3201 pro
928 3130 1143 3199 ignavia
1171 3146 1273 3185 sua
1296 3130 1569 3200 deposuit,
1607 3139 1663 3187 et
1686 3131 1795 3187 'de-

206 3224 456 3295 tositum
496 3231 660 3294 atque
694 3222 988 3278 detonsum
1020 3223 1074 3277 in
1110 3222 1506 3279 monasterium
1538 3224 1717 3291 misit,
1743 3232 1798 3280 et

203 3315 505 3387 Rippinum
536 3316 587 3370 ei
607 3315 663 3370 in
686 3330 914 3387 regnum
932 3315 1213 3371 substituit
1236 3315 1441 3387 (1129).
1466 3314 1577 3373 Nec
1589 3317 1800 3373 miran-

203 3408 366 3475 dum,
416 3407 465 3463 si
510 3405 745 3462 Romani
776 3392 1063 3477 pontiﬁces
1108 3406 1464 3462 saecularibus
1510 3409 1799 3464 saeculares

207 3501 508 3573 dignitates
548 3506 782 3570 possunt
832 3497 1070 3565 auferre,
1111 3514 1182 3554 ne
1223 3498 1552 3555 Christianis
1590 3500 1798 3571 princi-

208 3601 433 3664 pcntur,
463 3605 604 3662 quos
629 3591 848 3661 penitus
876 3605 906 3645 a
943 3605 1174 3661 corpore
1199 3591 1524 3647 detruncare
1545 3601 1797 3662 possunt,

210 3700 284 3740 ne
310 3684 396 3740 vel
424 3684 681 3739 ultimum
709 3684 891 3739 locum
922 3684 1066 3738 inter
1107 3682 1455 3741 Christianos
1486 3684 1689 3741 habere
1712 3687 1798 3741 vi-

210 3776 469 3833 deantur.
515 3775 608 3833 Sic
643 3776 791 3834 enim
824 3774 882 3831 S.
926 3774 1277 3832 Innocentius
1322 3791 1463 3848 papa
1502 3775 1799 3835 Arcadium

287 3937 334 4007 (1
346 3933 730 4018 125).1ί“εὶ1εοίε
741 3932 920 4018 hujus.
930 3932 1423 4018 argumentationis
1447 3933 1661 3991 novitas
1685 3934 1801 4006 jam

210 4008 271 4064 in
295 4004 530 4078 praeviis
540 4005 1031 4078 _observationibus
1053 4004 1319 4078 proditur.

287 4074 474 4149 (1126)
501 4075 625 4130 Νοη
648 4085 726 4130 est
751 4085 983 4147 potestas
1020 4076 1099 4130 ait
1123 4074 1630 4149 Apostolus,_(Rom.
1656 4075 1801 4146 xm),

210 4145 320 4205 nisi
351 4166 385 4202 a
408 4147 540 4213 Deo,
571 4163 689 4218 qua:
727 4145 906 4218 autem
948 4154 1092 4218 sunt,
1129 4145 1315 4218 a’Deo
1360 4146 1624 4201 ordinata:
1646 4145 1801 4214 sunt;

210 4236 326 4277 non
356 4233 492 4288 ergo
514 4216 833 4288 simpliciter
855 4232 928 4288 ex
949 4217 1189 4288 humana
1220 4216 1620 4272 adinventione.

289 4287 477 4363 (1127)
517 4287 800 4363 Genuinus
839 4287 1040 4363 Gelasii
1078 4301 1276 4342 sensus
1308 4290 1456 4363 patet
1494 4303 1561 4341 ex
1594 4288 1803 4363 integro

211 4358 340 4418 loco
376 4358 568 4424 citato,
614 4359 705 4413 hic
746 4367 927 4413 tamen
961 4358 1276 4423 decurtato;
1319 4358 1393 4411 ita
1444 4367 1625 4411 autem
1663 4358 1751 4412 ille
1787 4377 1800 4413 :

1898 3127 2195 3201 Gregorius
2243 3142 2385 3199 papa
2428 3126 2617 3182 eadem
2645 3133 2700 3181 et
2736 3124 3045 3196 Evangeliis
3092 3134 3398 3196 comparet,
3430 3135 3488 3182 et

1898 3237 2091 3279 omnes
2121 3221 2191 3278 ab
2218 3221 2299 3277 eis
2325 3221 2712 3277 dissentientes
2737 3218 3178 3285 anathematizet,
3202 3219 3297 3290 qui
3319 3220 3484 3274 etiam

1899 3316 1967 3372 de
1981 3314 2186 3372 eisdem
2204 3313 2258 3368 in
2289 3313 2546 3385 synodica
2581 3328 2680 3369 sua
2706 3313 2773 3367 ad
2791 3311 3133 3383 patriarchas
3156 3312 3272 3382 (lib.
3296 3313 3484 3382 epist.)

1898 3415 2235 3482 protestetur
2285 3408 2403 3462 ita:
2441 3404 2528 3474 Se,
2566 3406 2779 3478 inquit,
2826 3414 2874 3460 et
2931 3421 3035 3459 non
3085 3405 3185 3459 illa
3235 3406 3484 3475 destruit,

1898 3501 2137 3573 quisquis
2160 3500 2373 3555 solvere
2391 3500 2666 3571 prwsumit
2688 3515 2816 3571 quos
2840 3498 3030 3569 ligant,
3059 3496 3139 3552 vel
3157 3497 3326 3568 ligare
3356 3514 3486 3568 quos

1900 3592 2131 3648 solvunt.
2162 3591 2296 3648 Item
2328 3591 2387 3646 Β.
2425 3590 2736 3662 Stephanus
2764 3605 2926 3661 papa,
2975 3590 3042 3645 de
3073 3605 3185 3660 quo
3232 3590 3488 3660 praedixi-

1902 3700 2049 3752 mus,
2080 3673 2274 3739 omnes
2299 3682 2664 3754 Francigenas
2711 3698 2744 3738 a
2788 3681 3034 3737 dominio
3077 3688 3132 3736 ct
3171 3681 3489 3751 juramento

1901 3776 2259 3847 subjectionis
2290 3774 2552 3832 Hilderici
2585 3776 2730 3847 regis
2764 3776 2983 3846 penitus
3010 3775 3315 3831 absolvisse
3355 3773 3490 3847 legi-

1905 3951 2083 4004 regum
2134 3934 2477 3987 mutationes.
2530 3930 2685 3987 Unde
2722 3933 2933 3986 nullum
2967 3932 3093 3987 hinc
3135 3947 3235 4002 pro
3266 3932 3490 4002 pontiﬁ-

1902 4020 2029 4062 cum
2077 4004 2147 4058 ad
2191 4019 2347 4073 reges
2391 4004 2742 4072 deponendos
2792 4011 3062 4073 potestate
3103 4013 3489 4072 argumentum

1903 4074 2128 4131 extundi
2156 4082 2375 4145 potest,
2412 4090 2538 4128 cum
2569 4082 2765 4128 cuncta
2798 4075 2913 4128 haec
2946 4078 3318 4145 consentiente
3368 4083 3491 4129 tan-

1903 4156 2020 4202 tum
2038 4143 2281 4201 Francia:
2302 4145 2621 4215 proceribus
2645 4159 2804 4214 papa,
2832 4160 2941 4199 non
2965 4143 3350 4213 verojuhente,
3376 4146 3491 4201 sive

1904 4235 1971 4272 ex
1996 4218 2116 4287 ejus
2146 4217 2471 4273 auctoritate
2498 4217 2606 4272 sint
2636 4225 2780 4283 aeta,
2807 4215 2917 4269 vid.
2951 4215 3226 4287 ιιοι.1152
3256 4232 3382 4270 mox
3408 4216 3491 4269 in-

1908 4288 2011 4343 fra.
2030 4286 2147 4343 Nec
2159 4288 2326 4343 etiam
2348 4288 2742 4359 quadranthuc
2757 4287 2990 4359 adducta
3015 4286 3247 4340 aliorum
3270 4288 3492 4357 pumili-

1907 4376 2034 4416 cum
2064 4360 2332 4430 exempla,
2359 4357 2481 4430 qua:
2504 4359 2557 4414 id
2579 4375 2749 4414 unum
2780 4357 3060 4430 evincunt,
3089 4372 3243 4427 reges
3271 4372 3492 4429 quoque

210 4410 1336 4489 irmsulibus,rerumhdiuinarumdevotus
1370 4410 1511 4481 colla
1528 4410 1801 4483 submittis
1840 4410 1880 4464 ί)
1907 4410 3060 4486 5illicita};Edhubiiﬁi‘d‘néﬁioi-resseri
3085 4410 3361 4498 posse,ls1
3389 4410 3493 4484 lic:-

213 4501 469 4576 atque__ab
494 4502 570 4576 eis
595 4516 787 4576 causas
820 4508 926 4555 tua:
959 4498 1153 4576 salutis
1194 4508 1487 4576 exspectas,
1523 4499 1679 4569 inque
1717 4516 1805 4576 su-

211 4570 426 4631 mendis
472 4570 773 4626 coslestibus
814 4570 1184 4635 sacramentis,
1223 4570 1400 4640 eisque
1442 4577 1501 4641 ut
1533 4572 1803 4641 competit,

214 4642 562 4716 disponendis
605 4642 762 4695 subdi
801 4650 849 4694 te
878 4641 1061 4695 debere
1096 4638 1365 4716 cognoscis
1402 4638 1673 4716 religionis
1713 4658 1805 4716 or-

214 4710 341 4791 dine
369 4714 565 4791 potius_
585 4728 747 4784 quam
771 4727 1022 4791 praesse;
1053 4712 1297 4791 adeoque
1330 4710 1385 4764 in
1409 4710 1651 4791 iisquae
1678 4713 1807 4766 reli-

216 4782 439 4863 gionem
470 4782 727 4863 attinent,
764 4797 862 4863 seu
891 4782 1297 4863 ecclesiasticis,
1326 4782 1588 4863 Διιιίθιιιοχ
1611 4782 1682 4863 _in
1713 4798 1802 4863 se-I

215 4851 530 4930 quentibus
546 4854 811 4930 declarat,
847 4853 992 4930 quod
1028 4859 1392 4930 cognoscentes
1425 4851 1715 4930 imperium
1757 4854 1807 4907 ei

217 4921 448 5000 s'upefna
473 4924 822 5000 dispositione
849 4921 1134 5000 collatum,
1163 4921 1360 4998 legibus
1390 4921 1510 4992 ejus
1547 4924 1650 4994 ipsi
1680 4939 1811 4995 quo-

217 4994 316 5072 que
332 4994 829 5072 parentreligionis
855 4995 1144 5072 antistites.

1167 5071 1488 5145 argumento
1554 5032 1829 5134 superius

221 5137 326 5197 col.
371 5137 515 5212 1219
541 5138 712 5212 di_c:.a.
770 5204 818 5212 __

1904 4503 2084 4557 clesite
2113 4503 2346 4558 decretis
2375 4502 2603 4557 rebelles
2637 4510 2692 4556 et
2722 4508 3073 4556 contumaces
3102 4499 3368 4563 existant.
3395 4515 3492 4553 ne-

1905 4588 2181 4643 quaquam
2198 4582 2485 4644 propterea
2502 4587 2600 4644 sua
2622 4572 2884 4643 dignitate
2912 4569 3114 4641 privari
3141 4588 3153 4623 :
3179 4573 3324 4644 quod
3346 4577 3492 4625 certe

1907 4642 2614 4714 memorati’hic'pontilices
2631 4657 2914 4714 nunquam
2937 4657 3033 4712 per
3055 4656 3155 4696 sua
3176 4642 3341 4695 etiam
3361 4656 3494 4694 ana-

1908 4715 2146 4769 themata
2170 4715 2538 4769 intenderunt.

2005 4784 2167 4857 1150)
2207 4785 2403 4843 Valent
2445 4786 2564 4857 haec
2596 4786 2788 4857 utique
2816 4781 3276 4857 derprazlatorum
3304 4781 3495 4857 eccle-

1913 4852 2265 4913 siasticarum
2315 4852 2852 4925 depositionefcum
2903 4852 2979 4909 illi
3031 4856 3217 4923 quoad
3261 4852 3499 4924 cilicium

1914 4942 2077 5001 suum
2109 4924 2427 5001 quoqueab
2457 4924 2702 5001 Ecclesia
2734 4926 3074 5001 dependeant
3094 4927 3502 5001 :_inde_tamen

1913 4996 1982 5071 ad
2007 4994 2165 5069 reges
2201 4994 2525 5071 concludere
2560 4994 2882 5071 neutiquam
2912 4998 3065 5071 licet,
3094 4994 3358 5071 Ecclesia:
3384 4994 3507 5071 qui-

1913 5067 2039 5122 dem
2073 5063 2235 5142 Eeque
2275 5071 2331 5125 in
2383 5063 2759 5142 Spiritualilius
2800 5069 3098 5142 subjectos,
3147 5069 3205 5125 in
3246 5063 3509 5142 csercitio

1915 5146 2096 5195 tamen
2128 5135 2243 5200 suae
2262 5135 2557 5212 potestatis
2572 5138 2673 5192 soli
2724 5139 2855 5212 De.o_
2875 5135 3143 5212 rationem
3177 5135 3509 5212 reddituros.
