3986 5312
498 90 637 147 1Ξίἰὸ

1378 156 1385 161 ι
1487 89 1579 145 AD
1616 90 1846 149 OPERA
1886 92 1942 149 S.
1980 94 2306 153 GREGORII
2344 93 2783 152 APPENDICES.

3646 94 3779 151 1258

497 213 590 259 tur
611 201 817 275 (“32).
841 200 974 258 Item
1004 201 1060 258 S.
1098 201 1338 259 Joannes
1368 219 1506 275 papa
1533 205 1717 277 (1135)
1750 205 2088 264 Ludovicum
2119 213 2164 270 Α
2191 210 2340 281 quod
2361 225 2590 281 prorsus
2618 208 2695 263 illi
2724 209 2954 265 subesse
2976 223 3092 264 non
3117 208 3403 271 debemus,
3434 221 3605 278 quem
3629 207 3782 264 indu-

498 296 886 367 imperatorem
909 310 941 350 a
956 295 1293 366 iuramento,
1313 312 1423 368 quo
1445 297 1561 368 ipse
1576 297 1838 368 Adalgiso
1860 306 2093 371 tyranno

499 386 883 457 repaciticatus
918 394 1023 455 est,
1053 386 1306 455 absolvit,
1341 402 1409 444 eo
1442 389 1591 460 quod
1616 404 1744 445 cum
1779 390 1957 448 salute
1981 391 2091 448 rei-

500 478 735 551 publica;
763 493 1113 550 nequaquam
1141 488 1333 550 posset
1355 479 1661 538 observari.

577 633 667 689 Vl.
710 632 769 688 In
814 634 1020 691 nostris
1054 649 1275 705 quoque
1320 635 1661 706 temporibus
1692 635 1848 693 sedes
1876 646 2097 708 aposto-

512 726 621 782 lica
647 725 1119 798 Babinbergenses
1144 727 1213 782 ab
1242 726 1586 784 Heremanno
1605 736 1660 783 et
1682 727 2029 786 Florentinos
2062 747 2093 785 a

504 816 668 873 Petro
696 820 975 889 quondam
1013 820 1288 891 episcopis
1314 820 1568 888 absolvit,
1613 836 1717 877 nec
1761 822 1977 893 aliquos
2015 824 2096 879 eis

508 911 668 980 quasi
688 911 963 982 episcopis
1011 911 1293 982 subjacere
1334 913 1616 984 permisit,
1645 913 1863 970 etiamsi
1890 915 2097 972 eisdem

503 1003 882 1072 juramentum
915 1003 1274 1074 subjectionis
1298 1003 1577 1060 fecissent.
1613 1004 1705 1061 Sic
1728 1006 1917 1078 utique
1949 1022 2095 1063 sem-

508 1107 608 1161 per
631 1093 932 1162 apostolica
977 1094 1277 1150 auctoritas
1308 1096 1582 1165 quoslibet
1615 1094 1960 1159 Christianos
1994 1098 2097 1155 sibi

511 1186 819 1255 specialiter
864 1182 1192 1243 commissos
1235 1187 1303 1242 de
1345 1188 1599 1244 manibus
1638 1188 2013 1260 depositorum
2046 1198 2101 1246 et

509 1279 1111 1333 excommunicatorum
1126 1278 1334 1349 absque
1359 1279 1513 1335 omni
1532 1288 1661 1335 nota
1672 1281 1898 1352 perjurii
1917 1282 2100 1338 absol-

507 1381 637 1422 vere
649 1368 950 1435 consuevit,
976 1369 1193 1424 etiamsi
1215 1369 1420 1426 eisdem
1449 1371 1690 1441 praelatis
1703 1371 2099 1443 subjectionem

506 1458 821 1529 iuramento
847 1460 1235 1529 promiserunt.
1272 1459 1508 1517 Sanctus
1530 1477 1749 1534 quoque
1786 1462 2099 1520 Bonifacius

508 1558 718 1623 martyr
747 1559 802 1606 et
824 1552 1137 1623 episcopus,
1167 1553 1260 1624 qui
1281 1553 1490 1624 juniori
1525 1553 1789 1626 Gregorio
1812 1571 1965 1627 papae
1986 1571 2101 1612 om-
2132 1568 2174 1622 Β

507 1644 786 1700 nimodam
829 1644 1047 1715 jurasse
1092 1645 1290 1717 legitur
1315 1646 1702 1713 obedientiam,
1738 1661 1805 1702 eo
1849 1648 1917 1703 de
1939 1648 2096 1718 jura-

508 1747 719 1805 mento,
748 1737 843 1794 sed
882 1737 952 1792 ab
989 1738 1181 1793 eodem
1213 1738 1533 1809 apostolico,
1562 1738 1774 1794 absolvi
1809 1739 2097 1796 instantis-

509 1831 649 1888 sime
693 1832 902 1903 rogavit
937 1830 1121 1903 (1154)
1155 1848 1168 1884 :
1205 1830 1353 1901 quod
1395 1829 1586 1902 utique
1627 1838 1739 1886 tam
1764 1839 1989 1887 sanctus
2017 1833 2101 1886 vir

508 1933 565 1980 et
596 1924 817 1995 sapiens
857 1940 957 1979 cur
991 1932 1246 1994 rogaret,
1315 1924 1362 1980 si
1406 1924 1721 1995 hujusmodi
1770 1926 2099 1981 solutionem

509 2032 620 2072 non
640 2017 840 2084 valere,
869 2024 923 2072 et
948 2016 1031 2071 ob'
1048 2016 1155 2072 hoc
1175 2015 1477 2088 periurium
1509 2031 1776 2073 excusare
1799 2031 1908 2072 non
1937 2033 2101 2089 posse

509 2110 769 2178 putaret?

585 2239 693 2296 Vl.
727 2239 1000 2297 Praeterea
1044 2240 1093 2297 si
1131 2239 1421 2312 diligenter
1446 2239 1799 2296 considerare
1820 2240 2099 2307 volumus,

505 2331 882 2402 juramentum
911 2329 1271 2401 subjectionis
1301 2344 1412 2385 non
1451 2330 1592 2386 solet
1625 2328 1874 2385 exhiberi
1904 2331 2101 2400 pratia-

508 2423 600 2491 tis,
634 2423 740 2479 nisi
789 2438 888 2494 pro
916 2430 1170 2494 respectu
1206 2421 1565 2493 praelationis,
1602 2422 1750 2493 quod
1785 2421 1889 2477 etsi
1923 2422 1978 2477 in
2005 2423 2100 2494 ju-

513 2524 768 2572 ramento
793 2516 976 2572 verbis
996 2515 1307 2587 specialiter
1330 2508 1441 2571 non
1466 2515 1827 2586 exprimatur,
1853 2514 1907 2569 in
1942 2514 2101 2585 jura-

512 2610 659 2664 tione
701 2618 884 2664 tamen
922 2607 1443 2679 subintelligendum
1472 2622 1598 2664 esse
1637 2623 1747 2663 non
1789 2606 2099 2674 dubitatur,

509 2701 781 2767 videlicet,
814 2708 875 2755 ut
899 2702 1001 2756 iste
1032 2700 1110 2755 illi
1136 2701 1368 2756 ﬁdeliter
1398 2699 1700 2771 subjaceat,
1741 2699 1987 2770 quandiu
2013 2698 2102 2755 ille

510 2792 604 2848 isti
631 2791 807 2849 ofﬁcio
847 2792 1184 2863 prmlationis
1225 2792 1537 2864 praesideat.
1575 2790 1876 2862 Postquam
1916 2798 2099 2845 autem

511 2885 773 2955 praelatus
794 2885 1112 2955 praelatione
1136 2883 1301 2940 fuerit
1325 2885 1600 2955 privatus,
1632 2899 1983 2955 nequaquam
2011 2883 2100 2938 ille

511 2976 608 3047 qui
640 2976 920 3046 subjectus
945 2976 1067 3046 ejus
1090 2974 1192 3030 fuit
1215 2975 1593 3046 juramentum
1616 2974 1974 3046 subjectionis
1999 2974 2103 3046 ipsi

515 3071 744 3125 ulterius
767 3082 986 3124 servare
1013 3067 1250 3136 debebit,
1278 3069 1426 3140 quod
1439 3068 1489 3124 ei
1514 3068 1735 3124 nonnisi
1762 3068 1832 3123 ad
1868 3066 2104 3124 oﬂicium

514 3159 850 3230 praelationis
881 3160 1110 3231 juravit.
1165 3158 1287 3215 Non
1330 3160 1477 3216 enim
1520 3175 1621 3231 pro
1659 3159 1899 3230 perjuris
1946 3161 2103 3215 dam-

512 3254 678 3309 nandi
707 3268 832 3309 esse
864 3252 1140 3320 videntur,
1179 3251 1497 3323 quicunque
1529 3252 1759 3322 privatis
1785 3252 2103 3322 praelatione

508 3345 887 3416 juramentum
915 3343 1276 3413 subjectionis
1310 3359 1532 3399 servare
1556 3344 1773 3410 nolunt,
1812 3344 1960 3414 quod
1993 3343 2103 3401 eis-

513 3437 663 3505 dem,
713 3438 843 3492 dum
887 3436 1094 3508 praelati
1132 3444 1347 3503 essent,
1400 3453 1500 3508 pro
1541 3435 1720 3503 obicio
1772 3437 2107 3507 praelationis

513 3528 797 3600 quondam
831 3529 1177 3600 juraverunt.
1213 3526 1326 3584 Nec
1351 3529 1540 3600 utique
1568 3528 1800 3583 multum
1833 3537 1982 3585 esset
2009 3545 2107 3585 ne-

512 3621 838 3689 cessarium,
863 3629 922 3675 ut
954 3619 1197 3676 Ecclesia
1220 3621 1497 3692 subjectos
1517 3620 1586 3676 ab
1607 3620 1924 3691 hujusmodi
1948 3620 2105 3691 jura—

512 3721 768 3769 ramento
796 3713 1106 3784 specialiter
1139 3714 1394 3783 solveret,
1443 3729 1679 3785 quorum
1722 3714 1977 3784 praelatos
2013 3729 2105 3769 ca-

513 3805 712 3861 nonice
756 3805 871 3875 jam
919 3807 1294 3877 deposuisset,
1326 3805 1433 3861 nisi
1476 3813 1702 3877 propter
1739 3806 2103 3882 quorumdam

513 3894 859 3951 inﬁmorum
884 3896 1306 3965 dubitationem,
1329 3896 1423 3968 qui
1446 3896 1501 3950 in
1525 3896 1729 3952 talibus
1754 3896 1940 3952 causis
1967 3894 2106 3951 nihil

512 3993 709 4057 putant
727 3995 933 4055 actum,
965 3987 1074 4043 nisi
1097 3988 1245 4058 quod
1277 3988 1587 4059 specialiter
1620 3986 1788 4044 fuerit
1813 3988 2105 4060 praenomi-

513 4083 726 4132 natum.
760 4076 858 4134 Est
885 4078 1034 4134 enim
1062 4078 1285 4135 cuilibet
1313 4079 1531 4135 erudito
1556 4079 1692 4135 satis
1719 4078 2099 4146 manifestum,

2194 300 2433 355 bitanter
2452 299 2781 368 depositum,
2809 312 2878 353 ne
2900 298 3058 353 nobis
3086 311 3321 368 praesse
3342 297 3565 363 debeat,
3593 313 3784 369 cogno-

2195 391 2422 448 scimus.
2449 388 2587 445 Nam
2622 390 2678 447 in
2709 391 2829 461 ipsa
2860 389 3126 446 canonica
3152 388 3498 459 depositione
3532 389 3784 460 prdato-

2194 495 2321 536 rum
2369 480 2557 535 itidem
2597 487 2653 535 et
2696 480 3074 551 subjectorum
3129 481 3406 537 absolutio
3449 480 3784 547 continetur,

2196 585 2319 641 qua:
2341 586 2557 641 semper
2589 570 2664 627 ibi
2691 570 3138 642 subintelligitur,
3172 571 3392 627 etiamsi
3422 572 3483 626 in
3518 572 3787 627 sententia

2196 660 2558 730 depositionis
2585 660 2868 732 signanter
2897 676 3011 716 non
3029 670 3438 717 annumeretur.
3470 660 3567 718 Sic
3587 664 3789 734 quippe

2196 750 2345 806 Felix
2377 752 2571 808 beatus
2602 767 2741 822 papa
2770 752 3032 809 Acacium
3073 752 3444 824 patriarcham
3473 754 3791 809 Constanti-

2198 844 2576 915 nopolitanum
2611 845 2669 899 in
2708 843 2957 899 Romana
2984 845 3196 917 synodo
3226 844 3435 917 (Lana,
3464 854 3507 901 t.
3532 844 3629 912 IV,
3666 861 3787 917 pag.

2200 937 2361 1009 1095)
2389 937 2663 1008 deposuit,
2692 952 2793 993 nec
2816 937 3057 1008 aliquam
3081 937 3457 1008 subjectorum
3485 938 3788 994 absolutio-

2199 1047 2325 1087 nem
2355 1032 2431 1087 ibi
2454 1030 2763 1102 specialiter
2798 1031 3268 1086 commemoravit.
3309 1029 3422 1087 Nec
3465 1033 3668 1103 utique
3692 1048 3789 1087 ne-

2200 1140 2353 1181 cesse
2386 1122 2511 1192 fuit,
2555 1139 2683 1179 nam
2705 1123 3018 1179 nullatenus
3046 1123 3125 1178 illi
3154 1124 3410 1194 deinceps
3432 1132 3498 1178 ut
3530 1126 3791 1195 episcopo

2199 1217 2483 1288 subiacere
2527 1217 2847 1285 debuerant,
2877 1212 3002 1273 cum
3038 1231 3139 1273 nec
3177 1216 3410 1288 subjecti
3432 1218 3562 1287 ejus
3582 1227 3789 1285 essent,

2199 1323 2363 1380 quem
2389 1309 2459 1364 ab
2478 1308 2816 1380 episcopatu,
2847 1318 2952 1365 etc.

2272 1398 2377 1455 Hic
2415 1410 2691 1455 truncatus
2729 1411 2807 1456 est
2838 1401 3001 1455 codex
3042 1402 3247 1473 integro
3282 1402 3645 1473 quaternione
3677 1412 3791 1456 octo

2199 1495 2518 1565 paginarum
2555 1495 2753 1560 exciso,
2809 1492 2899 1547 ubi
2951 1502 3061 1548 tam
3111 1496 3237 1565 ﬁnis
3284 1495 3445 1564 hujus
3502 1503 3791 1559 tractatus,

2199 1601 2361 1657 quant
2401 1585 2541 1639 alius
2581 1602 2741 1640 nouus
2779 1586 3221 1651 continebantur;
3256 1602 3376 1656 qua
3415 1587 3570 1640 enim
3603 1586 3792 1641 abhinc

2201 1686 2508 1746 sequuntur,
2541 1678 2750 1732 nonnisi
2780 1678 3134 1749 fragmentum
3164 1695 3254 1732 seu
3281 1678 3563 1732 conclusio
3602 1679 3793 1732 diversi

2202 1770 2267 1824 ab
2292 1782 2389 1825 hoc
2418 1771 2589 1841 operis
2616 1779 2739 1823 sunt
2763 1779 2815 1825 et
2843 1787 2963 1824 cum
2991 1770 3087 1825 illo
3115 1780 3430 1842 argumento
3451 1771 3794 1837 convniant,

2199 1862 2338 1933 quod
2364 1863 2606 1933 superius
2645 1863 2751 1917 col.
2810 1862 2949 1917 1245
3006 1862 3076 1918 de
3120 1862 3579 1934 presbyterorum
3620 1863 3795 1919 cilicio

2203 1955 2455 2009 tractavit
2508 1954 2830 2009 Bernaldus.
2893 1953 3067 2025 Hujus
3103 1954 3325 2025 quidem
3375 1956 3644 2024 opusculi
3697 1956 3795 2012 hoc

2201 2047 2365 2102 modo
2398 2046 2663 2117 deperditi
2695 2046 2970 2117 jacturam
3003 2046 3271 2113 dolemus,
3304 2047 3380 2101 ob
3407 2046 3650 2105 alterius
3673 2065 3794 2103 vero

2201 2137 2405 2194 codicis
2439 2137 2713 2194 defectum
2750 2136 3041 2193 restituere
3087 2137 3233 2193 haud
3258 2154 3593 2208 possumus.
3640 2139 3794 2194 Forte

2201 2228 2473 2286 feliciores
2494 2237 2658 2285 erunt
2683 2230 2776 2284 alii
2803 2230 2910 2286 mei
2936 2229 3185 2301 collegae,
3231 2229 3281 2286 si
3311 2246 3413 2285 sua
3443 2231 3660 2286 scrinia
3700 2248 3792 2287 cu-

2202 2322 2379 2378 ratius
2400 2322 2769 2394 pervestigare
2793 2323 3083 2378 voluerint.

2273 2408 2686 2466 Observandum
2721 2411 3091 2467 indubitanter
3121 2412 3500 2483 praﬁxerunt.
3542 2412 3665 2470 Hoc
3687 2416 3792 2470 uti-

2201 2518 2310 2574 que
2328 2503 2657 2559 venerabilis
2685 2519 2825 2574 papa
2854 2503 3152 2575 Gregorius
3175 2506 3341 2575 hujus
3364 2507 3617 2561 nominis
3641 2508 3793 2578 septi-

2203 2613 2329 2652 mus
2363 2596 2417 2651 in
2459 2611 2561 2652 suo
2594 2603 2840 2666 tempore
2872 2593 3020 2651 fecit.
3061 2593 3220 2652 Hunc
3249 2595 3309 2652 Β.
3336 2596 3646 2653 Anselmus
3685 2597 3791 2651 Lu-

2202 2688 2384 2743 censis
2403 2687 2694 2757 episcopus
2736 2687 2792 2741 in
2832 2702 2935 2743 suo
2964 2688 3278 2759 episcopatu
3323 2688 3534 2743 imitari
3562 2705 3791 2745 consue-

2203 2779 2299 2834 vit.
2327 2778 2443 2835 lloc
2464 2780 2629 2835 etiam
2656 2780 3144 2836 reverendissimus
3172 2781 3412 2837 domnus
3437 2792 3635 2837 noster
3658 2798 3789 2853 papa

2206 2872 2461 2929 Urbanus
2487 2888 2597 2928 non
2627 2872 2752 2928 dico
2794 2872 3076 2941 Romanis,
3125 2873 3239 2927 imo
3266 2873 3505 2929 aliarum
3546 2876 3790 2946 gentium

2208 2965 2567 3039 presbyteris,
2603 2964 2733 3020 item
2758 2974 2812 3020 et
2837 2965 3125 3021 monachis
3150 2965 3447 3021 concessit.
3485 2965 3789 3034 Quamdam

2204 3057 2372 3112 etiam
2411 3056 2888 3127 congregationem
2934 3056 3377 3127 presbyterorum
3422 3056 3524 3111 tali
3563 3072 3790 3112 conces-

2204 3148 2360 3204 sione
2382 3147 2704 3220 generaliter
2736 3147 2972 3202 donasse
3008 3146 3292 3202 asseritur.
3322 3144 3479 3200 Hanc
3508 3163 3645 3217 ergo
3665 3163 3791 3202 con-

2204 3239 2513 3296 cessionem
2558 3247 2614 3293 et
2651 3238 2744 3293 alii
2779 3246 3037 3293 vacantes
3076 3237 3375 3308 presbyteri
3404 3238 3477 3293 ab
3522 3238 3792 3309 episcopis

2205 3331 2454 3401 accipere
2488 3344 2600 3385 non
2621 3330 2918 3401 negligant,
2935 3337 3225 3399 antequam
3248 3330 3354 3384 tale
3384 3328 3631 3384 officium
3652 3330 3791 3385 circa

2204 3421 2532 3491 paenitentes
2572 3435 2834 3477 exercere
2881 3426 3234 3491 praesumant.
3286 3417 3437 3473 Nihil
3481 3420 3635 3474 enim
3680 3420 3794 3475 reli-

2206 3512 2354 3584 gioni
2380 3512 2617 3580 nocebit,
2652 3512 2700 3567 si
2732 3528 2857 3568 cum
2882 3513 3207 3569 auctoritate
3228 3512 3473 3583 episcopi
3508 3514 3676 3568 etiam
3706 3513 3791 3567 illa

2209 3602 2492 3658 humiliter
2536 3617 2696 3675 agere
2743 3602 3082 3668 Studeamus,
3128 3618 3253 3671 qua:
3295 3617 3401 3657 nos
3447 3602 3701 3657 absolute
3729 3618 3791 3656 ex

2210 3693 2386 3750 ofﬁcio
2415 3702 2606 3749 nostro
2641 3693 2840 3748 habere
2862 3709 2971 3748 non
2991 3692 3309 3747 dubitamus
3337 3708 3350 3742 :
3377 3700 3593 3761 quanto
3626 3692 3790 3761 magis

2213 3788 2370 3858 illud,
2412 3788 2560 3859 quod
2601 3803 2841 3843 canones
2883 3803 2986 3843 nos
3018 3787 3225 3857 absque
3259 3786 3518 3856 jussione
3556 3787 3790 3858 episcopi

2209 3895 2463 3938 exercere
2492 3894 2601 3933 non
2631 3878 2990 3949 permittunt?
3020 3875 3132 3932 Nec
3151 3876 3218 3931 de
3243 3880 3679 3948 prtesumptionc
3698 3892 3791 3931 nos

2204 3988 2471 4030 excusare
2492 3971 2813 4043 poterimus,
2839 3969 3176 4039 sideinceps,
3201 3985 3325 4039 qua:
3343 3957 3627 4039 prohibita
3652 3981 3787 4035 sunt,

2208 4068 2443 4125 scienter
2464 4075 2519 4121 et
2543 4063 2916 4119 inobedienter
2941 4076 3209 4132 usurpare
3241 4062 3606 4119 tentabimus.

587 4211 771 4294 (ηδε)
813 4209 934 4268 Vid-
980 4222 1259 4294 moxeom
1287 4213 1445 4294 Hi2!)-
1492 4211 1631 4294 Scio.
1648 4213 1766 4294 haec
1791 4212 1999 4294 vasin:
2040 4212 2111 4268 ab
2142 4217 2186 4271 ι)
2211 4217 2444 4294 genere.
2467 4200 3605 4294 reteri;Pi29399.“3.a-._?srzsri°_31'.
3634 4219 3792 4294 scr!-

515 4282 639 4355 aliis
674 4282 905 4355 quoque
926 4285 1173 4352 narrari;
1203 4293 1261 4340 at
1283 4285 1415 4355 quid
1443 4299 1584 4355 opus
1607 4282 1809 4340 fuisset
1824 4284 1919 4339 tali
1941 4283 2105 4338 abso-

516 4353 725 4409 lutione
751 4353 848 4424 per
872 4353 1212 4424 Stephanum
1237 4353 1508 4421 facienda,
1542 4357 1590 4412 si
1615 4355 1962 4411 Childericus
1982 4368 2102 4424 Vau-

516 4423 768 4497 ctoritate
803 4423 1232 4497 Zacha’rizeejus
1258 4427 1628 4482 antecessoris
1655 4426 1935 4497 depositus
1968 4423 2106 4497 fuisg

517 4494 833 4567 set?.Major
868 4497 1051 4567 itaque
1077 4494 1210 4552 ﬁdes
1247 4497 1496 4553 habenda
1524 4494 1742 4552 videtur
1782 4494 2104 4565 Theophani

518 4566 771 4639 quamvis
807 4566 1015 4634 extero,
1046 4568 1140 4638 qui
1166 4568 1312 4639 quod
1348 4567 1639 4623 domestici
1658 4568 2104 4639 _scriptores_n_on

520 4637 814 4705 audebant,
842 4640 896 4694 in
930 4655 1030 4694 sua
1052 4635 1492 4709 chronographia
1517 4638 1625 4707 (ed.
1651 4635 1852 4703 Paris.,
1874 4652 1931 4707 p.
1974 4635 2101 4707 558)

2209 4276 2578 4335 Childericum
2605 4274 2838 4345 admissa
2869 4272 3375 4345 fuisseabsolutum
3414 4289 3446 4326 a
3468 4289 3614 4345 papa
3640 4272 3794 4345 (Βυυ.

2210 4366 2371 4415 ρυετ.
2408 4346 2653 4412 Collect.,
2692 4354 2731 4398 t.
2770 4343 2832 4409 V,
2859 4360 2912 4414 p.
2939 4342 3084 4412 187).

2280 4419 2464 4491 (Ηξξὶ)
2505 4416 2562 4471 lrl
2592 4411 2659 4471 ad
2681 4411 2887 4491 annum
2915 4415 3012 4469 871
3045 4411 3214 4468 refert
3236 4411 3665 4491 Ilermannuset
3692 4416 3794 4491 An:

2206 4483 2359 4546 nales
2382 4483 2652 4543 Métenses
2679 4505 2691 4540 :
2718 4487 2864 4556 quod
2890 4494 3213 4556 tamennon
3249 4500 3278 4537 a
3299 4483 3525 4556 Joanne
3544 4485 3684 4553 Vill,
3708 4485 3793 4541 sed

2212 4562 2282 4616 ab
2309 4560 2553 4614 Adriano
2592 4556 2635 4610 ll
2661 4552 3011 4627 factumesse
3035 4552 3273 4627 allirmat
3299 4553 3530 4627 ﬂagitis.

2285 4629 2471 4703 (“34)
2511 4627 2808 4699 Gregorius
2836 4622 2878 4679 ll
2901 4641 2996 4680 seu
3024 4625 3213 4695 junior
3236 4624 3291 4679 S.
3315 4622 3666 4683 Bonifacium
3690 4624 3795 4680 Mo-

2051 4781 2312 4794 .————

1990 4782 1999 4791 ,
2051 4774 3518 4811 '——_——-—-———__Illllm‘

1685 4889 2646 5007 BEBNALDI

561 5028 980 5124 TRACTATUS
1009 5024 1695 5125 ‘DEREORDINATIONE
1729 5057 2055 5125 VlTANDA,
2092 5056 2180 5111 nr
2216 5055 2307 5110 ns
2346 5052 2618 5111 SALUTE
2650 5016 3164 5122 PARvULonUM,
3207 5052 3325 5121 Qu
3372 5052 3464 5107 ΑΒ
3502 5051 3762 5108 excon—

1648 5150 2028 5210 MUNICATIS
2063 5146 2431 5203 BABTIZATI
2469 5144 2673 5212 SUNT,

1368 5248 1457 5312 Ad
1500 5245 1916 5312 Gebhardum
1951 5242 2325 5312 episcopum
2357 5238 2937 5305 Constantiensem.
