3986 5312
551 291 691 346 1259

1446 278 1451 282 ’
1527 288 1620 342 ΑΒ
1656 284 1885 344 οιιΕιιΑ
1927 286 1984 343 S.
2027 285 2355 343 GllEGORll
2394 285 2842 343 APPENDICES.

3701 308 3814 364 1360

548 425 749 465 norum
779 408 837 463 in
864 407 1099 465 decretis
1128 408 1246 462 suis
1276 406 1464 478 (ιωιι.
1495 449 1509 474 ,
1560 407 1601 462 l.
1655 425 1704 464 c.
1736 450 1750 476 ,
1800 424 1921 480 pag.
1977 380 2140 478 1274)
2172 412 2220 469 Α
2242 406 2456 461 nullum
2485 406 2552 462 de
2582 406 2690 474 his,
2712 422 2853 478 quos
2874 406 2958 461 vel
2986 404 3282 478 baptizavit
3301 404 3566 473 Aeacius,
3594 406 3679 460 vel
3701 424 3819 476 quos

545 500 931 557 venerabiliter
985 499 1273 571 suscepit,
1332 515 1442 554 non
1497 500 1835 556 reordinavit
1887 500 2072 571 (1159)
2119 518 2132 555 :

545 608 710 663 quem
746 601 929 648 tamen
956 592 1073 663 ipse
1100 592 1169 647 ab
1196 592 1686 649 excommunicatis
1726 601 1782 647 et
1814 592 1871 647 in
1908 607 2133 648 excom-

546 682 918 751 municatione
945 683 1258 741 ordinatum
1286 685 1615 752 declaravit,
1645 685 1806 756 cujus
1836 684 2135 739 ordinatio-

544 789 672 832 nem
716 790 821 832 nec
865 778 1340 834 consecrationem
1382 776 1675 833 dicendum
1704 792 1825 833 esse
1854 776 2130 843 asseruit,

543 867 621 923 ita
648 876 986 940 protestatus
1016 888 1029 924 :
1064 868 1239 936 Quam
1271 886 1399 937 rem,
1431 869 1629 940 inquit,
1659 868 1807 923 nullo
1834 869 1988 923 modo
2007 885 2132 939 pos-

540 974 724 1016 sumus
751 961 927 1017 dicere
956 963 1426 1029 consecrationem,
1456 964 1582 1034 quia
1610 961 1676 1015 ab
1703 962 2132 1017 excommunica-

543 1052 613 1106 tis
640 1051 906 1108 celebrata
932 1062 1031 1109 est.
1063 1053 1221 1110 Hunc
1249 1063 1431 1109 tamen
1463 1054 1580 1125 ipse
1601 1069 1927 1110 conversum
1956 1062 2012 1109 et
2036 1069 2134 1124 per

538 1144 920 1216 paenitentiam
947 1154 1242 1220 purgatum
1271 1161 1398 1202 cum
1426 1145 1620 1201 ordine
1648 1146 1873 1217 recepit,
1904 1161 2016 1201 non
2045 1160 2131 1201 re-

538 1236 833 1307 ordinavit,
862 1252 932 1293 ne
958 1237 1037 1295 illi
1065 1253 1180 1295 sua:
1206 1238 1491 1294 sententia
1519 1238 1909 1309 quoquomodo
1937 1237 2131 1292 adver-

537 1338 773 1398 saretur,
805 1330 862 1386 in
890 1346 999 1402 qua
1031 1330 1496 1387 reordinationem
1522 1332 1742 1402 penitus
1786 1339 1846 1386 ut
1891 1331 2128 1400 rebapti-

537 1421 808 1478 zationem
830 1423 1226 1495 proscripsisse
1250 1423 1482 1492 videtur,
1513 1424 1765 1480 videlicet
1793 1440 1957 1495 quam
1987 1423 2127 1480 scri-

534 1511 615 1568 bit
640 1512 710 1568 ad
736 1511 1003 1570 Joannem
1032 1514 1509 1586 archiepiscopum
1550 1513 1922 1572 Ravennatem
1961 1514 2129 1587 (Gne-

532 1618 657 1659 coa.
701 1604 737 1659 l.
771 1621 845 1674 ιι,
872 1606 1029 1677 epist.
1060 1606 1152 1679 46)
1186 1626 1199 1661 :
1246 1605 1430 1674 Sicut,
1463 1607 1666 1679 inquit,
1696 1606 1856 1662 semel
1882 1607 2125 1679 baptiza-

533 1704 619 1750 tus
669 1698 864 1752 iterum
920 1698 1185 1771 baptizari
1240 1716 1344 1754 non
1396 1700 1592 1768 debet,
1655 1701 1736 1755 ita
1788 1711 2124 1756 consecratus

528 1788 691 1845 semel
716 1790 773 1845 in
801 1791 983 1847 eodem
1009 1792 1193 1848 ordine
1221 1809 1324 1848 non
1353 1793 1491 1848 valet
1520 1796 1713 1850 iterum
1740 1798 2062 1851 consecrari.

600 1881 865 1940 Eamdem
898 1899 1121 1957 quoque
1149 1886 1477 1942 sententiam
1507 1887 1574 1943 de
1597 1888 1837 1944 cavenda
1864 1903 2120 1944 reconse-

526 1974 776 2032 cratione
821 1973 879 2031 S.
929 1976 1281 2035 Innocentius
1331 1994 1470 2050 papa
1519 1978 1805 2035 Naisitano
1862 1981 2119 2052 episcopo

528 2064 707 2135 (epist.
734 2065 831 2134 i6;
860 2066 1047 2137 ιλιι,
1073 2078 1208 2126 tom.
1236 2069 1302 2139 ll,
1332 2087 1386 2142 p.
1422 2071 1583 2143 1271)
1605 2073 1852 2129 scribens
1877 2074 2119 2130 tenuisse

527 2173 638 2212 non
664 2158 974 2229 dubitatur;
999 2162 1096 2233 qui
1139 2162 1315 2218 eidem
1338 2164 1594 2235 episcopo
1615 2165 1845 2222 clericos
1874 2182 2120 2222 summo-

525 2266 655 2322 pere
690 2267 824 2309 suos
867 2254 1210 2310 reconciliari
1271 2256 1501 2323 studuit,
1544 2272 1685 2327 quos
1738 2259 1856 2313 zelo
1892 2259 2119 2329 justitiae

525 2345 720 2402 ductos
748 2360 851 2417 pro
879 2347 1119 2419 quodam
1144 2356 1524 2404 recousecrato
1549 2348 1607 2403 in
1635 2348 1877 2405 Ecclesia
1907 2358 2118 2407 retento

523 2438 922 2495 rationabiliter
973 2438 1215 2497 doluisse
1262 2440 1535 2513 cognovit.
1603 2439 1737 2497 Item
1796 2441 2116 2499 Africanum

525 2530 820 2588 concilium
882 2532 1183 2604 apostolica
1249 2533 1575 2589 auctoritate
1627 2542 2017 2606 congregatum
2062 2544 2118 2592 e‘t

523 2622 929 2692 confirmatum,
954 2626 1043 2682 cui
1070 2623 1131 2681 Β.
1158 2624 1500 2698 Augustinus
1526 2626 1774 2683 interfuit
1800 2637 1855 2683 et
1874 2620 2116 2685 subscri-

522 2716 662 2786 psit,
691 2717 935 2789 capitulo
975 2717 1044 2773 l5
1082 2716 1400 2774 firmissime
1428 2720 1716 2776 constituit
1743 2728 1805 2774 ut
1830 2720 2114 2776 reordina-

522 2803 702 2861 tiones
740 2820 895 2879 reque
921 2815 982 2862 ut
1026 2807 1484 2880 rebaptizationcs
1513 2810 1731 2879 penitus
1762 2810 1879 2865 fieri
1910 2826 2021 2866 non
2049 2810 2116 2865 li-

521 2905 643 2953 ceat
667 2896 877 2970 (Lana,
907 2907 948 2954 t.
976 2899 1043 2967 ll,
1079 2916 1132 2971 p.
1165 2900 1347 2970 1644).
1375 2899 1506 2955 Item
1552 2916 1791 2958 canones
1830 2903 2113 2973 apostolo-

521 3005 645 3045 rum
672 2990 818 3064 (can.
863 2992 959 3059 67;
997 2991 1183 3061 Lana,
1214 3000 1255 3049 t.
1284 2992 1305 3046 Ι
1338 3009 1392 3064 p.
1419 2993 1511 3063 59)
1544 3011 1557 3047 :
1590 2991 1650 3048 Si
1676 2994 1795 3065 quis
1816 2996 2111 3066 episcopus,

2238 499 2549 555 sacerdotes
2578 500 2662 554 vel
2694 499 2887 556 levitas
2921 499 3224 557 secundum
3264 514 3509 554 canones
3539 499 3817 561 ordinavit.

2238 591 2348 646 ulla
2379 606 2475 646 eos
2501 607 2569 645 ex
2607 592 2829 647 nomine
2861 592 3045 649 Acacii
3091 592 3273 664 portio
3308 591 3560 647 lazsionis
3586 590 3823 661 attingat,

2236 698 2360 755 quae
2384 682 2617 739 forsitan
2666 699 2763 753 per
2793 683 3045 754 iniquum
3073 682 3271 738 tradita
3298 682 3641 738 sacramenti
3668 684 3819 752 gratia

2236 776 2421 832 minus
2445 775 2604 831 firma
2624 775 2889 831 videatur.
2913 773 3053 831 Nam
3072 784 3128 830 et
3150 774 3512 847 baptismum,
3540 774 3697 845 quod
3716 789 3813 844 pro

2236 870 2324 924 cul
2372 868 2446 925 sit
2504 870 2575 925 ab
2619 868 2866 927 Ecclesia
2907 870 3022 926 sive
3077 869 3148 925 ab
3195 869 3457 924 adultero
3486 868 3611 923 sive
3648 883 3682 922 a
3720 865 3824 923 fore

2234 960 2401 1017 fuerit
2428 962 2638 1029 datum,
2670 962 2742 1018 ad
2779 962 3169 1033 percipientem
3210 977 3414 1017 munus
3439 959 3702 1031 pervenit

2233 1054 2441 1123 batum,
2464 1054 2592 1126 quia
2619 1071 2729 1111 vox
2758 1055 2868 1122 illa,
2892 1070 3017 1126 quae
3042 1069 3140 1127 per
3157 1054 3472 1111 columbam
3503 1053 3703 1108 sonuit
3718 1067 3815 1109 om-

2232 1162 2359 1202 nem
2386 1148 2659 1204 maculam
2689 1147 2946 1203 humanre
2962 1146 3283 1217 pollutionis
3304 1144 3574 1211 excludit,
3600 1161 3713 1216 qua
3740 1146 3817 1201 de-

2233 1238 2475 1295 claratur
2503 1248 2559 1296 et
2590 1240 2791 1296 dicitur
2817 1258 2830 1295 :
2862 1259 2880 1291 ι
2919 1237 3020 1294 Hic
3046 1249 3149 1306 est,
3171 1238 3266 1310 qui
3288 1238 3535 1308 baptizat
3559 1238 3618 1292 in
3657 1236 3822 1308 Spiri-

2229 1339 2287 1386 tu
2316 1340 2509 1387 sancto
2542 1340 2598 1388 et
2623 1332 2737 1404 igni
2768 1329 2923 1403 (Luc.
2951 1330 3058 1403 ut).
3091 1349 3110 1383 ι
3141 1329 3209 1385 Et
3235 1339 3362 1401 post
3380 1345 3566 1401 pauca
3593 1347 3609 1383 :
3642 1350 3663 1382 ι
3695 1330 3823 1386 Aea-

2229 1424 2372 1492 eius,
2402 1424 2564 1495 cujus
2592 1439 2795 1480 nomen
2837 1423 3073 1480 dicimus
3117 1438 3241 1480 esse
3283 1422 3661 1489 reticendum,
3692 1424 3824 1479 male

2228 1516 2373 1572 bona
2407 1516 2772 1573 ministrando
2800 1514 2905 1573 sibi
2927 1523 3144 1573 tantum
3170 1515 3401 1583 nocuit;
3426 1531 3569 1571 nam
3600 1517 3823 1572 inviola—

2228 1608 2338 1664 bile
2379 1619 2806 1678 sacramentum,
2841 1610 2989 1682 quod
3016 1624 3115 1680 per
3153 1609 3306 1664 illum
3342 1608 3543 1666 datum
3577 1619 3686 1676 est,
3711 1611 3821 1665 aliis

2228 1700 2619 1771 perfectionem
2661 1718 2776 1759 suae
2802 1702 3022 1759 virtutis
3057 1702 3314 1758 obtinuit.
3346 1701 3513 1770 Quod
3543 1702 3597 1761 si
3625 1712 3711 1760 est
3732 1704 3823 1758 ali-

2224 1809 2461 1865 quorum
2490 1794 2547 1849 in
2576 1802 2790 1850 tantum
2813 1811 2874 1851 se
2894 1795 3194 1851 extendens
3217 1794 3443 1850 curiosa
3472 1794 3747 1865 suspicio,
3770 1804 3823 1849 ut

2232 1885 2580 1958 imaginetur,
2622 1888 2836 1958 prolato
2880 1904 2915 1943 a
2959 1886 3136 1943 Felice
3185 1902 3327 1958 papa
3365 1887 3591 1957 judicio
3618 1886 3818 1959 (Lua,

2222 1987 2263 2033 t.
2294 1978 2383 2046 IV,
2412 1993 2535 2050 pag.
2568 1979 2725 2050 1095)
2751 1988 2939 2050 postea
2964 1979 3311 2035 inefﬁcaciter
3347 1979 3405 2035 in
3431 1981 3817 2045 sacramentis.

2220 2086 2343 2141 quae
2384 2070 2618 2127 Aeacius
2640 2073 2945 2143 usurpavit,
2985 2072 3184 2143 egisse,
3224 2087 3289 2127 ac
3321 2072 3560 2143 perinde
3586 2088 3687 2129 eos
3715 2089 3819 2128 me.

2218 2171 2393 2231 tuere,
2421 2163 2518 2236 qui
2550 2164 2637 2219 vel
2672 2165 2728 2219 in
2759 2164 3266 2221 consecrationibus
3293 2165 3379 2220 vel
3405 2164 3466 2219 in
3493 2164 3816 2235 baptismate

2220 2252 2419 2308 tradita
2450 2251 2710 2326 mysteria
2740 2262 3121 2325 susceperunt,
3143 2269 3215 2309 ne
3238 2253 3398 2309 irrita
3438 2254 3641 2311 divina
3661 2255 3813 2311 bese-

2219 2345 2343 2402 flcia
2367 2346 2679 2413 videantur,
2699 2346 3070 2413 meminerint,
3095 2347 3153 2403 in
3180 2347 3323 2402 hanc
3358 2362 3595 2418 quoque
3615 2358 3813 2419 partem

2212 2438 2470 2494 similiter
2492 2447 2783 2496 tractatum
2816 2439 3111 2510 praevalere
3146 2439 3514 2509 superiorem,
3549 2442 3686 2511 quia
3714 2456 3813 2496 non

2216 2530 2337 2586 sine
2366 2532 2723 2602 usurpatione
2742 2531 2984 2587 nominis
3009 2531 3302 2588 sacerdotii
3327 2532 3694 2603 adjudicatus
3718 2535 3813 2597 hoc

2216 2622 2344 2694 egit,
2378 2624 2433 2678 in
2455 2637 2566 2694 quo
2585 2623 2843 2680 virtutem
2871 2638 3030 2680 suam
3056 2623 3433 2680 obtinentibus
3459 2626 3741 2697 mysteriis
3761 2626 3809 2679 in

2218 2722 2323 2778 hoc
2358 2737 2578 2794 quoque
2604 2738 2698 2778 rea
2734 2722 2839 2779 sibi
2860 2736 3119 2794 persona,
3141 2722 3266 2779 aliis
3294 2738 3407 2777 non
3430 2724 3651 2780 nocuit.
3684 2722 3810 2778 Nam

2216 2819 2284 2874 ad
2307 2819 2458 2874 illum
2472 2818 2751 2890 pertinuit,
2775 2818 2923 2889 quod
2948 2818 3077 2872 tuba
3096 2817 3358 2872 Davidica
3385 2817 3614 2873 canitur
3643 2836 3659 2872 :
3693 2816 3809 2871 ονε,

2214 2918 2524 2966 tamtamen
2586 2909 2730 2966 Deus
2785 2907 3175 2979 conquassabit
3216 2907 3397 2978 capita
3461 2906 3805 2963 inimicorum

2216 3015 2464 3069 suorum,
2493 3010 2550 3057 et
2571 3001 2829 3057 verticem
2872 2999 3053 3071 capilli
3092 2998 3601 3069 perambulantium
3638 2999 3694 3053 in
3714 2998 3805 3054 de-

520 3082 791 3155 presbyter
815 3083 894 3138 vel
914 3085 1172 3140 diaconus
1198 3086 1483 3141 secundum
1514 3087 2113 3162 manusimpositionem
2140 3117 2181 3174 ρ
2214 3095 2357 3151 lictis
2397 3094 2515 3150 suis
2555 3092 2739 3164 (Psal.
2795 3092 2986 3163 vau).
3018 3110 3038 3144 ι
3082 3088 3222 3146 Nam
3272 3090 3537 3161 superbia
3602 3104 3806 3159 semper

520 3177 784 3246 acceperit
828 3176 893 3231 ab
931 3178 1133 3249 aliquo,
1173 3179 1469 3249 deponatur
1517 3188 1567 3234 et
1603 3180 1714 3250 ipse
1742 3189 1792 3234 et
1835 3180 2116 3235 ordinator

519 3268 634 3339 ejus
666 3266 873 3340 (1140).
901 3267 1014 3327 Nec
1046 3270 1152 3326 hoc
1173 3278 1377 3327 temere
1390 3271 1642 3339 dixerim,
1664 3272 1811 3343 quod
1838 3288 2111 3344 nusquam

520 3361 579 3428 iu
606 3361 939 3417 authenticis
966 3363 1187 3423 statutis
1217 3364 1435 3435 aliquos
1479 3380 1546 3420 ex
1582 3366 1780 3421 haeresi
1814 3382 2113 3425 conversos

520 3468 645 3507 esse
671 3453 903 3523 legimus
932 3454 1286 3523 ordinandas,
1330 3456 1435 3512 nisi
1482 3457 1845 3514 Paulianistas
1874 3468 1931 3514 et
1974 3460 2113 3517 alios

520 3542 870 3613 huiusmodi,
899 3544 994 3613 qui
1022 3562 1130 3600 non
1176 3562 1329 3603 more
1370 3549 1765 3606 catholicorum
1812 3552 2131 3631 invocatio--

520 3650 648 3692 nem
674 3643 877 3711 sancta:
900 3636 1188 3695 Trinitatis
1210 3637 1441 3707 faciunt,
1472 3642 1564 3712 qui
1590 3643 1756 3699 etiam
1782 3644 1982 3701 iterum
2009 3646 2109 3701 ba-

518 3729 761 3801 ptizandi
791 3741 939 3799 sunt,
968 3748 1093 3788 cum
1122 3730 1194 3789 ad
1214 3744 1319 3790 nos
1347 3732 1595 3791 veniunt.
1668 3788 1671 3791 .

591 3820 680 3877 ιν.
712 3821 852 3879 Sunt
879 3833 1061 3879 tamen
1093 3825 1313 3896 quidam
1342 3827 1622 3899 simplices
1649 3830 1993 3905 nimiumque
2021 3848 2112 3889 ze-

520 3914 681 3981 lotes,
713 3915 808 3986 qui
832 3916 1105 3987 quoslibet
1129 3916 1185 3973 in
1219 3921 1784 3980 excommunicatione
1799 3925 2107 3995 ordinatos,

516 4011 568 4083 (si
595 4011 947 4082 resipucrint,
972 4030 1079 4069 non
1102 4031 1226 4071 cum
1254 4016 1453 4073 ordine
1472 4019 1835 4090 recipiendus,
1858 4006 2112 4079 ‘sed’om-

520 4104 653 4161 nino
687 4106 1080 4163 reordinandos
1122 4123 1246 4164 esse
1284 4118 1480 4180 putant
1517 4127 1530 4163 :
1574 4120 1629 4167 et
1660 4113 1779 4168 hoc
1804 4112 1949 4179 ideo,
1979 4113 2109 4183 quia

516 4208 867 4275 (sacramenta
917 4197 970 4253 in
1002 4203 1573 4259 excommunicatione‘
1601 4213 1865 4276 usurpata
1891 4205 2109 4276 penitus

518 4289 809 4347 exsufﬂare
834 4306 943 4346 non
965 4291 1233 4347 dubitant.
1260 4293 1366 4348 Sed
1396 4309 1499 4350 nos
1527 4296 1700 4367 magis
1723 4296 1783 4352 Β.
1812 4298 2108 4355 Anastasio

506 4383 741 4457 praesuli
769 4383 1072 4454 apostolico
1100 4384 1319 4443 credere
1342 4385 1627 4456 debemus,
1648 4388 1744 4459 qui
1773 4388 1839 4457 ad
1874 4390 2107 4445 Anasta-

2217 3189 2342 3256 sibi,
2396 3204 2507 3244 non
2553 3189 2677 3244 aliis
2715 3186 2848 3243 facit
2894 3186 3134 3253 ruinam,
3162 3183 3310 3255 quod
3347 3184 3611 3242 universa
3645 3184 3803 3240 emic-

2216 3280 2385 3336 stium
2434 3280 2847 3351 Scripturarum
2881 3286 3116 3334 testatur
3166 3277 3501 3345 auctoritas,
3527 3278 3674 3334 sicut
3713 3291 3805 3347 per

2217 3372 2485 3442 Spiritum
2531 3380 2782 3427 sanctum
2806 3370 3006 3427 dicitur
3038 3370 3095 3425 in
3118 3369 3407 3441 prophetia
3457 3388 3479 3421 ι
3525 3388 3540 3422 :
3578 3366 3696 3423 Non
3720 3368 3804 3421 ba-

2214 3465 2409 3522 bitabit
2434 3466 2491 3520 in
2527 3465 2708 3520 medio
2750 3464 2947 3519 domus
2992 3476 3151 3528 meae,
3181 3462 3295 3533 qui
3320 3460 3454 3516 facit
3494 3461 3800 3531 superbiam

2214 3556 2391 3625 (Psal.
2420 3557 2494 3628 c).
2529 3576 2548 3609 ι
2586 3555 2739 3612 Unde
2767 3571 2891 3610 cum
2916 3553 3347 3611 sibi'sacerdotis
3375 3567 3582 3607 nomen
3627 3552 3799 3607 vindi-

2213 3650 2417 3706 caverit
2450 3649 2864 3716 condemnatus,
2910 3648 2967 3703 in
3010 3646 3203 3717 ipsius.
3232 3645 3494 3701 verticem
3537 3645 3799 3716 superbia:

2202 3751 2397 3798 tumor
2417 3742 2654 3798 inﬂictos
2679 3750 2784 3808 est,
2822 3755 2934 3796 non
2959 3738 3195 3811 populus
3238 3736 3357 3804 Dei,
3385 3737 3484 3809 qui
3520 3738 3582 3794 in
3606 3745 3798 3810 myste-

2212 3833 2311 3889 riis
2331 3834 2538 3890 donum
2565 3832 2740 3903 ipsius
2764 3830 3003 3897 sitiebat,
3027 3830 3283 3887 exclusus
3308 3837 3415 3886 est.
3454 3848 3476 3881 ι

2190 3933 2226 3973 ‘2
2282 3924 2487 3982 Beatus
2506 3925 2670 3981 etiam
2691 3924 3030 3997 Augustinus
3054 3923 3243 3979 itidem
3272 3922 3480 3981 sentire
3508 3938 3621 3978 non
3648 3922 3795 3978 dubi-

2188 4028 2376 4086 ‘tatur,
2416 4019 2512 4091 qui
2562 4019 2635 4075 ad»
2681 4017 3029 4074 Vincentium
3082 4015 3429 4075 Donatistam
3480 4016 3661 4087 (epist.
3710 4016 3790 4079 95,

2209 4111 2348 4183 Opp.
2385 4119 2431 4166 t.
2454 4109 2518 4177 ll,
2541 4110 2752 4189 p.249)
2787 4110 3039 4166 scribens
3056 4109 3130 4163 ita
3148 4116 3495 4179 protestatur
3522 4128 3538 4162 :
3566 4128 3588 4160 ‹
3620 4107 3792 4163 Eccle-

2209 4204 2324 4271 siae,
2348 4202 2545 4274 inquit,
2570 4209 2699 4258 sunt
2727 4201 2911 4257 omnia
2953 4210 3299 4271 sacramenta
3341 4198 3655 4266 Dominica,
3681 4214 3792 4269 qua:

2202 4298 2291 4354 sic
2308 4296 2523 4353 habetis
2550 4304 2607 4351 et
2646 4294 2809 4363 datis,
2834 4294 3112 4366 quomodo
3134 4292 3485 4355 habebantur
3508 4303 3567 4359 et
3593 4292 3790 4357 daban-

2209 4399 2298 4446 tur
2355 4390 2520 4445 etiam
2562 4396 2858 4467 antequam
2890 4386 3143 4455 exiretis;
3180 4402 3294 4442 non
3324 4395 3513 4441 tamen
3544 4386 3669 4442 ideo
3692 4399 3791 4440 non

520 4464 667 4531 sium
720 4470 1105 4556 imperatorem
1156 4475 1403 4533 scribens
1453 4468 2105 4553 sacramentalieelesiaz
2137 4468 2440 4553 Dﬂbabetis,
2464 4464 2597 4556 quia
2638 4498 2753 4539 non
2784 4473 2933 4538 estis
2953 4480 3055 4549 ibi,
3086 4478 3231 4536 unde
3256 4487 3427 4546 sunt,
3459 4496 3589 4551 qua:
3636 4480 3788 4535 babe-

519 4565 729 4623 tam-in
774 4553 1185 4622 ordinatoribus
1229 4581 1395 4637 quam
1427 4567 1487 4622 in"
1516 4566 1783 4639 ordinatis
1821 4560 1948 4627 rata‘
1982 4570 2104 4649 esse

514 4660 916 4731 comprobavit,
946 4675 1069 4732 quae
1113 4659 1348 4715 Aeacius
1370 4662 1677 4732 patriarcha
1712 4662 2103 4721 Constantino-

506 4752 817 4827 ‘politanus,
845 4750 971 4809 licet
1006 4765 1037 4805 a
1068 4748 1245 4808 Felice
1270 4766 1409 4823 papa
1450 4751 1761 4823 damnatus,
1793 4756 1846 4810 in
1877 4753 2099 4823 excom-

504 4845 892 4903 municatione
913 4842 1331 4900 administravit.
1358 4842 1560 4917 Scribit
1587 4830 1734 4903 enim
1760 4845 1834 4907 ita
1850 4848 1927 4903 ad
1948 4854 2103 4903 eum-

518 4938 645 4991 dem
674 4935 1061 5005 imperatorem
1092 4934 1301 5007 (Lssb.,
1329 4944 1368 4992 t.
1400 4936 1490 5004 IV,
1513 4953 1637 5009 pag.
1673 4938 1833 5009 1280)
1872 4954 1886 4997 ;
1935 4960 1955 4998 ς
1994 4928 2119 4993 δαί

521 5027 785 5092 cundum,
814 5026 1013 5097 inquit,
1048 5027 1304 5085 Ecclesiae
1339 5028 1619 5103 catholicae
1646 5030 2104 5087 ~consuetudini’a’m

523 5116 959 5187 sacratissimum
977 5118 1285 5177 serenitatis
1311 5127 1418 5175 tuae
1441 5128 1632 5192 peetus
1656 5131 1938 5195 agnoscat,
1958 5106 2121 5193 quod.

597 5225 781 5301 (1159)
800 5226 910 5312 llic
935 5229 988 5281 in
1028 5228 1442 5312 codiee_nostro
1483 5235 1731 5312 quadam
1759 5222 1971 5312 omissa
1998 5230 2108 5312 sint

2193 4569 2361 4646 tis.)
2400 4574 2806 4652 Et‘post'pauca
2839 4572 2923 4631 τ’(
2948 4572 3263 4657 Nobiscum
3282 4574 3423 4631 estis
3446 4575 3507 4630 in
3535 4573 3793 4647 symbolt,

2178 4672 2265 4725 -in
2298 4670 2605 4745 baptismo,
2624 4671 2681 4725 in
2708 4669 2918 4731 caeteris
2948 4669 3339 4757 sacramentis;
3370 4669 3429 4724 in
3468 4667 3671 4739 spiritu
3701 4680 3799 4722 at;-

2198 4768 2315 4816 tem
2338 4762 2570 4833 unitatis
2603 4761 2733 4817 etin
2756 4760 2983 4835 vinculo
3000 4760 3261 4841 pacis,~in
3284 4760 3405 4832 ipsa
3442 4761 3683 4831 denique
3704 4775 3796 4814 ea-

2211 4853 2408 4913 tholi'ca
2432 4846 2687 4931 Ecclesia
2717 4842 3004 4936 nobiscum
3039 4864 3146 4908 non
3180 4844 3334 4906 estis.
3366 4870 3385 4902 ι
3417 4849 3555 4906 Item
3599 4851 3798 4919 inepto

2210 4941 2346 5027 stola
2381 4946 2450 5001 ad
2497 4944 2722 5023 Festum
2767 4946 2943 5018 (epist.
2985 4938 3083 5013 8'9,
3109 4960 3166 4998 n.
3203 4942 3257 5010 7,
3287 4943 3326 4996 ι.
3351 4938 3435 5011 δ.;
3465 4957 3593 5015 pag.
3633 4942 3795 5010 ΞΕ)-

2169 5026 2236 5089 ῖέι
2268 5026 2479 5108 Neque,
2508 5037 2705 5117 inquit,
2731 5045 3069 5094 sacramenta
3092 5035 3480 5091 haereticamm
3506 5034 3673 5091 nobis
3694 5036 3798 5089 ini-

2212 5118 2354 5186 mica
2381 5140 2527 5199 sunt,
2556 5146 2679 5201 qua:
2723 5130 2777 5185 in
2807 5131 2915 5188 illis
2954 5130 3110 5185 nobis
3133 5118 3265 5185 sunt
3300 5120 3647 5208 communia,
3673 5129 3793 5199 quia

2211 5240 2401 5312 Ordine
2421 5241 2624 5312 recepit
2646 5242 2705 5312 (l.
2735 5258 2810 5307 ix,
2834 5241 2992 5312 epist.
3016 5239 3126 5312 81).
3144 5216 3451 5296 Decretalis
3469 5254 3605 5298 vero
3626 5238 3790 5301 Sit-ar,
