3986 5312
160 317 288 373 1261

1035 312 1327 369 APREND.
1369 313 1455 368 ιιι.
1496 342 1567 361 φ-
1603 311 2037 369 MONUMENTA
2079 310 2543 375 GBEGORIANA.

3295 312 3435 379 17262

163 446 264 488 non
288 429 522 484 humana
551 433 681 484 sunt
704 426 801 483 sed
839 425 1045 484 divina.
1076 425 1341 497 Proprius
1362 441 1558 482 eorum
1587 442 1743 491 error
1770 428 1818 484 Δ
1844 425 2135 493 bonorum,
2162 426 2306 485 sicut
2326 427 2382 485 in
2402 428 2506 485 hoc
2528 435 2769 503 tempore
2794 424 3142 499 infatigabilis
3154 427 3432 507 pltat-itas.

160 520 474 580 auferendus
515 527 622 585 est,
662 534 787 591 qua:
824 518 968 575 male
1003 519 1507 586 imbiberunt,-non
1550 536 1739 575 saera-

160 625 349 680 menta,
390 628 515 683 qua:
548 612 805 667 similiter
851 621 1202 682 acceperunt,
1248 627 1375 684 qua
1411 613 1482 668 ad
1520 628 1739 683 poenam

152 722 307 764 suam
322 711 538 776 portant
570 711 624 757 et
651 704 876 769 habent,
899 711 1110 773 quanto
1133 703 1423 774 indignius
1434 704 1658 769 habent,
1689 712 1743 758 et

148 811 331 855 tamen
350 797 567 853 habent.
605 815 625 848 ι
655 794 789 851 Item
812 796 869 850 in
889 795 1119 866 epistola
1148 795 1217 851 ad
1240 794 1546 851 Emeritum
1575 796 1745 851 luere-

152 890 519 959 ιὶουωμρὶδε.
557 888 648 955 87,
672 904 739 943 .n.
766 888 823 955 9,
852 886 1000 955 l.'c.,
1035 900 1161 958 pag.
1185 886 1313 957 212)
1335 904 1357 941 τ
1382 886 1512 953 \‘os,
1541 887 1739 958 inquit,

154 980 431 1037 mutamini
476 996 542 1035 ex
587 995 652 1034 ea
686 986 844 1049 parte
889 994 999 1050 qua
1025 976 1455 1044 dissentiebatis,
1488 977 1742 1049 quamvis

148 1081 506 1138 sacramenta,
530 1087 655 1142 quae
686 1070 918 1137 habetis,
947 1082 1073 1127 eum
1108 1070 1299 1126 eadem
1322 1070 1434 1125 sint
1468 1070 1522 1123 in
1553 1070 1738 1125 omni-

157 1166 270 1231 bus,
296 1172 488 1219 sancta
512 1172 661 1219 sunt.
701 1163 1171 1235 Quapropter-vos
1190 1163 1394 1217 mutari
1422 1162 1680 1218 volumus
1708 1178 1742 1216 a

148 1255 523 1326 perversitate,
540 1256 795 1313 utdenuo
815 1256 1090 1312 radieetur
1111 1256 1365 1326 pracisio
1375 1261 1579 1310 vestra.
1604 1252 1741 1309 Nam

148 1357 489 1407 sacramenta
543 1366 667 1423 quae
692 1367 802 1407 non
830 1351 1106 1416 mutastis,
1129 1350 1273 1406 sicut
1296 1350 1529 1417 habetis,
1546 1364 1742 1420 appro-

150 1442 343 1500 bantur
367 1460 415 1500 a'
439 1445 622 1512 nobis,
653 1460 722 1500 ne
770 1444 930 1512 forte,
963 1459 1089 1499 cum
1136 1452 1376 1499 vestram
1419 1443 1741 1513 pravitatem

144 1538 419 1608 corrigere
464 1539 744 1604 volumus,
796 1538 905 1594 illis
940 1537 1221 1610 mysteriis
1252 1535 1484 1603 Christi,
1513 1550 1638 1607 quae
1685 1537 1741 1591 in

154 1644 318 1689 vestra
346 1633 616 1704 pravitate
640 1634 937 1704 depravata
973 1647 1084 1689 non
1116 1640 1268 1700 sunt,
1299 1632 1623 1704 sacrilegam
1660 1632 1742 1689 la-

152 1728 347 1784 ciamus
392 1727 672 1799 injuriam.
712 1747 731 1781 ι
770 1726 905 1783 Item
949 1727 1005 1782 in
1033 1727 1175 1782 libro
1214 1726 1282 1782 ad
1307 1726 1738 1781 Constantinum

1841 527 1898 575 et
1924 520 1982 574 in
2024 520 2226 577 saeculo
2268 519 2456 583 futuro
2497 520 2607 577 vita
2636 521 3111 597 arterea;_partim
3146 537 3276 577 vero
3308 540 3434 595 cum

1836 611 2416 684 malisperversisque
2449 613 2786 681 communia,
2813 614 2956 670 sicut
2993 616 3179 672 omnia
3213 624 3432 686 caztera,

1836 699 1901 757 in
1922 700 2125 771 quibus
2144 710 2274 759 sunt
2302 711 2357 758 et
2392 712 2743 761 sacrosancta
2770 703 3051 775 mysteria.
3090 724 3110 760 ι
3396 688 3403 693 ’

1894 791 2026 849 .Sed
2064 794 2416 864 epistularem
2456 795 2776 852 brevitatem
2810 797 3107 853 observare
3155 816 3266 856 non
3306 818 3436 872 pos-

1844 900 1984 953 sem,
2010 886 2058 941 si
2099 887 2285 945 omnia
2327 886 2646 957 ltujusmodi
2692 890 3005 945 testimonia
3036 892 3291 963 colligere
3337 910 3437 949 vo-

1844 976 2090 1033 luissem.
2123 975 2393 1034 Caztcrum
2421 979 2467 1035 si
2501 980 2627 1050 quis
2656 980 2770 1035 haec
2798 982 3011 1052 plenius
3033 984 3431 1053 explorarem-

1843 1070 2262 1143 luerit,.scripta
2292 1072 2353 1126 Β.
2388 1072 2679 1144 Augustini
2712 1084 2904 1131 contra
2948 1075 3262 1134 Donatistas
3297 1079 3432 1135 tide-

1842 1164 1967 1221 liter
1984 1175 2381 1236 perscrutetur,
2416 1174 2474 1221 et
2495 1166 2752 1237 deinceps
2776 1168 3026 1226 dubitare
3068 1187 3177 1226 non
3206 1173 3435 1243 permit.

1842 1258 1979 1315 titur
2040 1267 2385 1315 sacramenta
2457 1258 2715 1315 Ecclesiae
2768 1270 2880 1316 tam
2927 1271 3083 1319 extra
3130 1263 3433 1322 Ecclesiam

1828 1364 2008 1418 quam
2051 1347 2541 1409 intraJiccle’siam
2594 1350 2714 1405 dari
2770 1358 2825 1405 et
2875 1351 3064 1408 haberi
3104 1369 3285 1424 posse,
3336 1355 3433 1409 sed

1841 1449 1998 1495 extra
2052 1442 2616 1512 utrumqueomnino
2649 1442 2973 1513 perniciose.
3022 1442 3318 1517 Ilucusque
3366 1446 3434 1504 de

1842 1532 2057 1589 clericis
2093 1532 2148 1588 in
2182 1535 2752 1591 excommunicatione
2778 1536 3045 1592 ordinatis

1915 1624 1979 1680 ν.
2005 1624 2080 1682 De
2103 1624 2408 1682 infantibus
2439 1642 2660 1700 quoque
2682 1629 2869 1684 itidem
2882 1629 2949 1683 in
2984 1630 3435 1687 excommunica»

1841 1716 1992 1775 tione
2035 1717 2327 1788 baptizatis
2363 1719 2602 1790 aliquam
2638 1720 2973 1774 mentionem
3015 1721 3074 1776 in
3121 1721 3303 1777 futura
3340 1737 3433 1793 sy-

152 1824 221 1878 De
259 1825 416 1879 unico
452 1825 716 1896 baptismo
746 1823 809 1897 (t.
852 1823 924 1878 lX
950 1821 1114 1895 0pp.,
1156 1839 1281 1895 cap.
1319 1824 1377 1890 2,
1416 1838 1540 1895 pag,
1564 1823 1691 1894 528)
1719 1841 1731 1876 ;
1768 1812 1814 1867 Β
1839 1808 2009 1864 nodo.
2034 1809 2340 1867 faciendam
2367 1820 2523 1881 pulo,
2556 1810 2614 1867 id
2662 1820 2765 1878 est,
2803 1812 2850 1868 si
2885 1812 3021 1868 salvi
3063 1813 3193 1881 sint,
3216 1813 3434 1872 etiamsi

158 1936 176 1967 ι
208 1915 313 1971 Hoc
350 1925 442 1973 est
486 1917 719 1988 justum,
749 1925 809 1973 ut
836 1932 964 1973 cum
993 1917 1138 1971 mala
1174 1915 1461 1971 hominum
1487 1914 1739 1987 reproba-

153 2024 280 2076 mus,
303 2024 650 2081 quaecunque
673 2010 731 2065 in
760 2008 867 2066 illis
895 2009 1040 2066 bona
1070 2008 1169 2065 Dei
1193 2009 1523 2080 reperimus,
1546 2025 1739 2081 appro-

152 2106 346 2163 bemus.
376 2104 523 2174 Hoc,
553 2106 801 2178 inquam,
815 2106 1031 2178 justum
1057 2114 1160 2171 est,
1192 2114 1252 2161 ut
1282 2105 1447 2161 etiam
1476 2105 1535 2159 in
1565 2105 1736 2160 sacri-

152 2197 258 2271 lego
278 2214 384 2254 non
415 2199 636 2267 violem,
662 2198 811 2270 quod
838 2214 1032 2254 verum
1059 2198 1280 2254 invenio
1302 2206 1732 2265 sacramentum,

153 2308 240 2347 nec
265 2292 336 2348 ita
379 2293 675 2349 emendem
724 2293 1074 2366 sacrilegum,
1128 2301 1190 2347 ut
1226 2292 1281 2347 in
1326 2308 1393 2347 eo
1425 2300 1732 2363 perpetrem

153 2385 508 2458 sacrilegium.
548 2405 567 2437 ι
602 2384 735 2441 Item
764 2385 820 2439 in
852 2385 1045 2442 eodem
1081 2386 1140 2456 (ι.
1171 2401 1244 2452 c.,
1268 2400 1391 2457 cap.
1410 2385 1465 2456 5)
1493 2404 1506 2439 :
1540 2382 1559 2437 ἐ
1593 2383 1733 2440 Cum

152 2480 209 2533 ad
238 2496 333 2536 nos
356 2479 516 2535 venit
543 2478 929 2535 schismatieus
968 2478 1051 2534 vel
1074 2478 1386 2544 haereticus,
1416 2485 1478 2532 ut
1501 2476 1734 2532 catholi-

153 2586 238 2626 cus
263 2571 372 2638 ﬁat,
419 2570 668 2627 schisma
706 2570 829 2642 ejus
868 2578 923 2626 et
962 2569 1220 2625 haeresim
1261 2568 1636 2626 dissuadendo
1680 2576 1735 2623 et

154 2662 468 2719 destruendo
492 2663 858 2719 rescindimus
883 2681 898 2730 ;
928 2672 1275 2719 sacramenta
1308 2679 1438 2718 vero
1460 2662 1731 2717 Christia-

156 2768 234 2818 na,
264 2754 307 2810 si
337 2754 533 2810 eadem
582 2762 640 2809 tn
680 2755 774 2809 illo
813 2754 1145 2822 invenimus,
1187 2763 1242 2809 et
1276 2753 1540 2825 quidquid
1585 2753 1732 2809 aliud

152 2844 254 2898 veri
286 2854 454 2912 tenet,
485 2845 629 2901 absit
657 2854 717 2901 ut
747 2846 1038 2913 violemus,
1067 2845 1230 2911 absit,
1262 2845 1392 2902 utsi
1419 2845 1587 2900 semel
1607 2845 1732 2901 data

153 2938 410 3006 novimus,
434 2939 735 3007 iteremus,
758 2954 827 2994 ne
863 2940 997 2995 dum
1016 2938 1149 2993 v'itia
1171 2938 1410 2994 humana
1446 2954 1730 3005 curamus,

152 3029 315 3086 divina
346 3032 751 3088 medicamenta
789 3032 1151 3098 damnemus;
1186 3039 1282 3086 aut
1314 3030 1609 3103 quaerendo
1639 3047 1731 3086 sa-

152 3136 269 3178 nare
296 3124 443 3195 quod
475 3124 826 3181 vulneratum
880 3140 988 3179 non
1025 3132 1128 3189 est,
1160 3124 1442 3180 hominem
1480 3122 1728 3178 saucium

153 3223 200 3269 et
213 3217 297 3271 ubi
322 3233 498 3273 sanus
520 3226 605 3274 est
632 3218 1003 3273 vulneremus.
1036 3236 1055 3268 ι
1084 3214 1220 3271 ltem
1250 3216 1304 3270 in
1337 3216 1477 3271 libro
1500 3232 1515 3271 ι
1539 3226 1732 3289 contra

153 3304 474 3377 Donatistas,
504 3309 582 3364 De
609 3310 870 3381 baptismo
896 3310 1041 3382 (cap.
1076 3308 1126 3376 l,
1157 3309 1194 3365 l.
1220 3325 1296 3376 c.,
1324 3309 1474 3379 p.80)
1504 3317 1613 3364 tam
1642 3327 1733 3366 or-

151 3398 318 3456 dinem
357 3418 532 3473 quam
586 3402 924 3474 baptismum
979 3408 1134 3457 extra
1176 3400 1480 3479 Ecclesium
1513 3391 1732 3459 “haberi

150 3506 296 3560 posse
329 3494 702 3565 pronuntians
738 3514 752 3550 :
787 3514 806 3548 ι
837 3494 1005 3563 Nulli,
1033 3494 1233 3566 inquit,
1277 3504 1623 3551 sacramento
1651 3496 1733 3553 in-

148 3584 278 3653 juria
322 3585 576 3644 facienda
624 3596 739 3655 est;
792 3588 840 3643 si
879 3587 1109 3644 discedit
1152 3603 1185 3643 a
1222 3588 1402 3653 malis,
1440 3596 1734 3660 utrumque

151 3676 397 3749 discedit;
428 3680 479 3736 si
509 3688 794 3751 permanet
841 3681 897 3736 in
946 3681 1128 3749 malis,
1178 3688 1473 3753 utrumque
1518 3699 1733 3752 perma-

152 3778 248 3824 net.
275 3791 292 3823 ι
323 3771 463 3829 Item
495 3773 552 3829 in
579 3774 769 3831 eodem
797 3762 938 3845 (cap.
962 3773 1056 3846 ’15)
1093 3792 1106 3828 :
1142 3793 1160 3825 ι
1208 3772 1582 3841 Sacramenta,
1611 3791 1733 3845 qu:e

152 3857 475 3923 schisniatici
502 3875 557 3923 et
596 3867 839 3923 haeretici
868 3883 977 3923 non
1006 3866 1166 3922 aliter
1187 3866 1541 3932 habent,.nec
1578 3867 1734 3922 aliter

153 3967 323 4027 agunt,
348 3977 531 4032 quam
571 3976 699 4015 vera
744 3959 1012 4025 Ecéiesia,
1063 3974 1189 4015 cum
1239 3957 1306 4013 ad
1353 3974 1456 4014 nos
1484 3960 1731 4025 veniunt,

153 4063 250 4105 non
277 4053 661 4119 emendamus,
689 4053 783 4108 sed
814 4052 999 4123 potius
1028 4044 1437 4122 approbaturus.
1458 4071 1477 4102 ι
1520 4049 1649 4106 Item
1668 4050 1730 4106 in

144 4141 296 4198 tertio
346 4145 493 4217 (cap.
532 4144 621 4214 10)
668 4164 680 4201 :
719 4165 737 4196 ι
761 4143 880 4201 Νοη
928 4144 1050 4200 ideo
1092 4140 1202 4198 non
1233 4153 1362 4199 sunt
1391 4154 1731 4199 sacramenta

146 4232 341 4290 Christi
360 4246 413 4292 et
428 4232 711 4304 Ecclesiae,
728 4235 858 4308 quia
881 4237 961 4292 eis
978 4236 1165 4291 illicite
1187 4244 1541 4299 utunturnon
1554 4237 1732 4291 solum

152 4326 399 4395 haeretici,
444 4330 543 4387 sed
591 4330 753 4386 etiam
802 4324 975 4401 iniqui
1028 4328 1265 4384 oderunt
1302 4337 1357 4384 et
1400 4329 1587 4400 impii;
1639 4331 1733 4386 sed

146 4416 318 4478 tamen
361 4424 438 4479 illi
467 4420 776 4495 eorrigcndi
811 4433 906 4479 aut
949 4420 1229 4493 puniendi,
1262 4422 1353 4476 illa
1398 4438 1528 4477 vero
1558 4420 1731 4494 agno-

152 4512 335 4573 scenda
360 4524 417 4571 et
443 4516 750 4572 veneranda
778 4526 924 4570 sunt.
966 4537 983 4565 ι
1018 4512 1148 4569 Item
1174 4515 1229 4570 in
1261 4514 1450 4569 eodem
1475 4518 1593 4585 cap.
1626 4515 1688 4569 l9
1716 4536 1726 4568 :

141 4606 172 4655 ίι
201 4604 444 4683 Hmretiei
482 4611 823 4664 sacramenta
856 4618 909 4662 et
939 4592 1252 4680 Scripturas
1292 4614 1478 4675 tenent
1505 4608 1571 4663 ad
1609 4623 1731 4677 spc-

144 4697 297 4766 cicm,
342 4700 451 4756 non
494 4702 560 4757 ad
604 4702 856 4757 Salutem.
895 4721 912 4749 ι
955 4700 1085 4755 Item
1112 4701 1163 4754 in
1204 4700 1415 4773 eodem,
1454 4710 1573 4769 cap.
1616 4696 1724 4755 15:

118 4790 173 4836 "c
207 4788 558 4847 Sacramenta
595 4792 643 4845 si
674 4786 878 4861 "eadem
919 4799 1065 4855 sunt,
1102 4789 1305 4865 ubique
1332 4780 1724 4860 suut‘iutegra,

143 4879 303 4934 etiam
331 4880 377 4935 si
404 4894 570 4951 prave
598 4880 1015 4950 intelligantur,“
1042 4878 1095 4935 et
1121 4876 1727 4936 discordioSe‘traeteu-

152 4978 261 5036 tur;
287 4973 430 5028 sicut
461 4973 734 5044 scriptura
764 4973 939 5042 ipsius
962 4970 1237 5044 Evangelii
1276 4962 1581 5043 (SH-cadem
1612 4968 1726 5045 ipsa

143 5064 255 5132 (est)
284 5065 495 5133 ubique
538 5066 884 5134 integrarest.
908 5088 925 5117 ο
955 5064 1084 5123 item
1114 5065 1171 5118 in
1204 5076 1421 5136 quarto,
1453 5074 1578 5134 cap.
1616 5067 1670 5119 Η
1712 5086 1722 5120 :

1352 5152 1524 5178 ,__s2;3.'..
1540 5154 1593 5178 Χ-
1630 5170 1667 5178 -.
1685 5168 1703 5178 Δ

438 5154 465 5178 ι
482 5157 591 5178 ,έεν
610 5148 995 5178 ._-.._.._-:.-'-,s.
1012 5152 1247 5178 -_.;.:_--a_

150 5152 377 5178 -‘_4...'.-

1778 5174 1783 5177 λ
1840 5134 1999 5178 ινξιήῆ
2053 5143 2224 5176 mlcet
2260 5132 2555 5176 ealnhritm-
2591 5139 2840 5174 ορηὶηηνο
2894 5138 2938 5174 αἱ
2977 5134 3094 5174 inm:
3133 5155 3245 5172 ..η-ι

1838 1910 1965 1959 ante
2003 1902 2506 1960 reconciliationem
2554 1904 2836 1960 obierint?
2880 1904 3033 1962 Unde
3058 1906 3217 1963 nobis
3243 1907 3430 1963 itidem

1836 1992 2135 2053 auctoritas
2170 1993 2227 2050 S.
2254 1994 2551 2068 Augustini
2580 1995 2901 2052 satisfacere
2922 1999 3142 2069 poterit,
3181 1999 3228 2054 si
3258 1999 3433 2054 hdeli-

1835 2097 1920 2144 ter
1976 2088 2272 2159 legerimus
2318 2089 2451 2160 quid
2502 2089 2619 2160 ipse
2666 2090 2962 2146 censuerit.
3008 2090 3083 2146 De
3129 2091 3432 2164 majoribus

1831 2189 1960 2249 post
1980 2180 2298 2250 hujusmodi
2318 2180 2652 2254 baptismum
2677 2182 2862 2238 statim
2885 2182 3216 2247 obeunlibus
3239 2183 3435 2241 scribit

1835 2271 2021 2329 itidem
2044 2272 2121 2327 ita
2150 2273 2209 2328 in
2237 2274 2417 2344 primo
2459 2274 2603 2329 libro
2634 2273 2712 2330 De
2734 2273 2997 2345 baptismo
3026 2276 3166 2347 (cap.
3194 2276 3249 2344 2,
3281 2277 3318 2330 l.
3353 2293 3403 2332 c.

1834 2380 1957 2437 pag.
1983 2364 2074 2437 8!)
2109 2383 2123 2420 :
2160 2385 2179 2419 ι
2212 2365 2270 2422 Si
2286 2382 2451 2438 quem
2472 2365 2621 2443 forte
2641 2368 2881 2440 coegerit
2914 2378 3158 2424 extrema
3190 2371 3431 2428 necessio

1836 2464 1952 2525 tas,
1982 2458 2077 2514 ubi
2112 2459 2467 2528 catholicum,
2496 2476 2613 2532 per
2634 2476 2800 2531 quem
2845 2461 3097 2533 accipiat,
3134 2477 3244 2519 non
3279 2463 3429 2521 inve.

1834 2549 1998 2618 nerit,
2030 2560 2086 2606 et
2118 2550 2174 2606 in
2213 2551 2400 2607 animo
2426 2567 2559 2623 pace
2597 2550 2868 2609 catholica
2908 2554 3179 2610 custodita
3206 2570 3302 2625 per
3319 2554 3433 2609 .ali-

1834 2658 2001 2713 quem
2028 2651 2181 2700 extra
2220 2644 2484 2699 unitatem
2511 2644 2838 2700 catholicam
2856 2646 3429 2716 positumaccepcrit,

1835 2734 1985 2806 quod
2022 2744 2142 2792 erat
2185 2735 2240 2791 in
2283 2735 2402 2806 ipsa
2436 2736 2708 2793 catholica
2746 2737 2954 2793 unitate
2994 2747 3343 2809 accepturus,
3381 2739 3433 2796 si

1835 2828 2023 2885 statim
2063 2829 2229 2885 etiam
2272 2828 2340 2886 de
2383 2829 2626 2905 hacvita
2669 2829 3005 2901 migraverit,
3034 2830 3253 2886 nonnisi
3301 2846 3430 2887 eum

1835 2922 2167 2978 catholicum
2197 2922 2542 2996 deputamus.
2583 2922 2641 2977 Si
2675 2932 2860 2979 autem
2890 2939 2920 2978 a
2950 2924 3221 2994 corporali
3248 2932 3431 3001 (morte

1836 3012 2119 3081 liberatur,
2160 3029 2285 3070 cum
2354 3029 2414 3070 se
2461 3014 2746 3071 catholica:
2794 3016 3205 3087 congregationi
3263 3017 3431 3072 etiam

1836 3104 2128 3175 praesentia
2154 3104 2428 3175 corporali
2457 3105 2770 3173 reddiderit,
2794 3106 2937 3162 unde
2966 3123 3246 3178 nunquam
3263 3108 3431 3163 corde

1756 3186 1801 3242 (ἒ
1834 3197 2111 3264 discessit,
2140 3214 2247 3253 non
2282 3198 2460 3253 solum
2508 3212 2621 3253 non
2673 3198 3051 3269 improbamus
3088 3200 3233 3269 quod
3279 3197 3433 3267 fecit,

1836 3289 1932 3345 sed
1978 3290 2187 3362 (etiam)
2248 3289 2599 3346 Securissime
2652 3290 3044 3361 verissimeque
3094 3290 3384 3349 laudamus
3413 3333 3428 3346 .

1835 3382 1963 3452 quia
1991 3391 2314 3453 praesentem
2340 3381 2509 3437 Deum
2534 3382 2764 3438 credidit
2787 3384 2952 3439 corde
2977 3399 3099 3449 suo,
3126 3383 3217 3438 ubi
3247 3383 3430 3439 unita-

1837 3483 1944 3529 tem
1987 3475 2260 3539 servabat,
2305 3484 2359 3529 et
2399 3476 2519 3532 sine
2559 3476 2702 3532 sacri
2756 3476 3012 3547 baptismi
3058 3486 3429 3544 sacramento,

1835 3566 1983 3636 quod
2010 3566 2325 3637 ubicunque
2358 3567 2585 3634 invenit,
2606 3583 2731 3622 non
2762 3567 3045 3623 hominum
3071 3568 3164 3624 sed
3188 3567 3283 3623 Dei
3308 3582 3437 3624 esse

1835 3658 2110 3730 cognovit,
2144 3659 2318 3713 noluit
2343 3676 2407 3715 ex
2441 3659 2545 3715 hac
2569 3661 2680 3715 vita
2702 3660 2957 3733 migrare.
2982 3660 3046 3716 Si
3075 3661 3201 3733 quis
3222 3670 3431 3728 autem.

1836 3767 1961 3805 cum
1996 3751 2249 3820 possitin
2284 3750 2399 3820 ipsa
2424 3752 2693 3808 catholica
2737 3753 3033 3823 percipere,
3059 3770 3157 3824 per.
3185 3752 3430 3824 aliquam

1836 3844 2036 3898 mentis
2052 3843 2477 3912 perversitatem
2523 3844 2687 3914 elegit
2730 3844 2785 3898 in
2816 3846 3113 3901 schismate
3142 3847 3431 3917 baptizari.

1832 3932 2051 3988 etiamsi
2097 3943 2286 4003 postea
2336 3934 2522 3989 venire
2563 3934 2632 3989 ad
2670 3936 2995 3992 catholicam
3026 3940 3263 4009 cogitat,
3296 3940 3429 4009 quia

1822 4033 2019 4081 certus
2056 4033 2139 4080 est
2182 4025 2256 4081 ibi
2303 4025 2563 4096 prodesse
2610 4036 3045 4095 sacramentum,
3096 4031 3245 4099 quod
3276 4030 3430 4086 .alibi

1835 4117 2055 4187 quidem
2090 4116 2263 4187 accipi
2306 4124 2505 4186 potest,
2543 4116 2802 4187 prodesse
2845 4126 3028 4173 autem
3055 4119 3194 4174 nihil
3227 4130 3428 4190 potest,

1826 4210 2027 4280 .procul
2048 4209 2216 4264 dubio
2248 4224 2545 4281 pervorsus
2566 4219 2621 4264 et
2657 4210 2881 4281 iniquus
2906 4220 3009 4279 est,
3045 4221 3102 4267 et
3121 4220 3275 4269 tanto
3305 4230 3430 4285 per-

1836 4301 2121 4367 niciosius,
2154 4310 2360 4372 quanto
2390 4302 2672 4357 scientius.
2704 4324 2719 4351 ›
2758 4301 2891 4358 item
2926 4304 2982 4359 in
3012 4306 3429 4362 sextoiibrobe

1786 4424 1791 4430 -
1836 4394 2096 4465 baptismo
2124 4394 2266 4465 (cap.
2283 4395 2336 4461 5,
2354 4395 2390 4448 l.
2415 4410 2490 4461 c.,
2511 4411 2631 4467 pag.
2658 4396 2779 4461 l65)
2802 4415 2817 4451 ε
2840 4417 2857 4448 ι
2885 4396 3089 4453 Omnes
3114 4400 3242 4454 mali
3265 4399 3429 4469 spiri-

1839 4487 2059 4541 tualiter
2096 4502 2126 4541 a
2157 4487 2315 4542 bonis
2346 4486 2579 4558 sejuncti
2616 4498 2763 4552 sunt,
2801 4489 2848 4543 si
2888 4499 3068 4545 autem
3102 4493 3273 4547 etiam
3299 4509 3427 4547 cor-

1766 4566 1809 4621 Ῐ)
1832 4579 2119 4651 poraliter.
2150 4588 2373 4650 aperta.
2401 4580 2763 4639 dissensione.
2789 4586 3130 4654 separentur
3156 4628 3171 4650 ,
3216 4586 3430 4656 pejores

1807 4671 1992 4727 llunt.
2034 4670 2139 4726 Sed
2171 4680 2231 4727 ut
2260 4671 2468 4729 (lictum
2491 4682 2598 4739 est,
2643 4674 2779 4729 nihil
2806 4674 3033 4731 interest
3067 4677 3432 4747 adbaptismt

1836 4763 2202 4837 sanctitatem,
2244 4763 2481 4832 quando
2534 4766 2772 4836 quisque
2828 4767 2982 4837 pejor
3035 4766 3090 4821 id
3138 4770 3338 4823 habeat
3379 4776 3436 4823 et

1835 4864 2043 4927 quanto
2067 4856 2238 4926 pejori
2271 4855 2467 4911 tradat.
2501 4855 2687 4917 Potest
2730 4864 2916 4914 tamen
2960 4860 3176 4918 tradere
3208 4876 3434 4930 separa-

1841 4960 1947 5015 tus,
1982 4951 2326 5019 sicut-potest
2356 4950 2559 5004 habere
2583 4961 2907 5024 separatus;
2934 4952 3030 5007 sed
3054 4968 3222 5023 quam
3259 4953 3441 5023 perni-

1838 5045 1988 5101 ciose
2015 5044 2237 5107 habere,
2267 5050 2377 5097 tam
2402 5044 2711 5111 perniciose
2738 5046 2973 5100 tradere.
3002 5043 3094 5100 Ille
3124 5057 3332 5108 autem,
3356 5045 3446 5100 cui

3284 5148 3412 5172 conn
3430 5164 3449 5172 -
