3986 5312
539 360 563 406 1
573 355 678 408 Έϋῗ)

1532 353 1619 405 AD
1653 353 1882 407 OPERA
1922 352 1976 406 S.
2016 352 2347 407 GREGOIUI
2386 342 2831 409 APPENDICES.

3694 359 3815 416 εἰει

535 484 648 525 ιιοη
691 468 1022 534 inveniatur,
1060 468 1282 532 mirum,
1335 465 1380 521 si
1429 482 1539 522 non
1579 468 1777 523 salvari
1825 481 1987 537 posse
2027 482 2125 536 per
2156 470 2199 523 Α
2228 464 2601 537 Augustinum
2635 467 2802 522 etiam
2846 465 2912 522 de
2959 460 3297 538 quibus-nne:
3340 488 3604 525 ineamus
3627 469 3818 527 diaboli

532 561 645 616 vim
675 559 1001 618 sacramenti
1024 559 1299 625 credatur,
1324 559 1469 630 quod
1494 568 1547 614 ct
1572 559 1626 615 in
1658 548 1880 626 adultis,
1907 558 1953 613 si
1983 557 2126 613 absit

530 652 748 710 aversio
799 652 1001 718 cordis,
1047 652 1279 706 salutem
1331 652 1545 722 operari
1601 667 1711 707 non
1741 650 2128 706 dubitabatur?

533 743 737 816 Nempe
771 744 1107 816 bapstismus
1131 742 1514 799 hereticorum
1544 743 1725 813 majus
1747 734 2126 814 praeiudicium

524 832 733 893 adultis
762 830 928 907 quam
959 837 1203 907 parvulis
1236 836 1372 892 solet
1410 833 1632 903 inferre,
1656 851 1782 891 cum
1819 835 1941 891 illos
1967 835 2126 906 juxta

522 938 772 985 canones
806 930 876 985 ab
912 929 1302 985 ecclesiasticis
1349 927 1788 983 ordinationibus
1817 926 2123 998 prohibeat,

525 1022 632 1078 bos
663 1032 868 1087 autem,
896 1030 1185 1093 postquam
1211 1020 1566 1087 adoleverint,
1594 1021 1861 1075 canonice
1882 1018 2126 1075 ordinari

522 1121 640 1171 bon
675 1124 889 1172 renuat.
926 1114 1017 1171 Sic
1047 1115 1194 1171 enim
1248 1113 1570 1169 Africanum
1627 1112 1921 1168 concilium
1981 1111 2128 1183 capi-

531 1208 734 1263 tulotﬂi
761 1217 1013 1264 testatur.
1040 1207 1310 1263 Przeterea
1337 1206 1395 1261 Β.
1420 1207 1760 1277 Augustinus
1775 1205 1985 1260 nullum
1999 1220 2125 1275 par-

525 1302 719 1356 vulum
749 1301 1125 1357 ecclesiastico
1161 1315 1314 1355 more
1359 1299 1693 1370 baptizatum
1742 1298 1798 1352 in
1854 1297 1996 1353 libro
2032 1313 2123 1351 xxi

528 1393 606 1448 De
634 1395 849 1450 civitate
878 1392 974 1448 Dei
1008 1394 1150 1465 (cap.
1190 1392 1272 1459 16,
1304 1389 1440 1462 Opp.
1482 1400 1521 1445 t.
1554 1389 1666 1458 V'll,
1709 1406 1761 1462 p.
1809 1389 1937 1461 636)
1965 1404 2125 1445 exce-

526 1487 626 1557 pit,
652 1488 745 1543 ubi
771 1486 1096 1559 generaliter
1120 1486 1186 1541 de
1224 1485 1398 1541 salute
1418 1484 1775 1555 parvulorum
1819 1483 1892 1538 ita
1921 1491 2124 1538 tracta-

528 1581 646 1635 vit:
688 1603 705 1631 ι
744 1580 940 1647 Tanta,
980 1579 1175 1651 inquit,
1220 1577 1596 1634 misericordia
1646 1574 1869 1633 Dei'est
1909 1576 1965 1630 in
1993 1589 2120 1630 vasa

527 1674 920 1729 misericordiae
960 1688 1083 1744 qua:
1130 1671 1454 1743 praeparavit
1498 1670 1553 1725 in
1583 1670 1835 1742 gloriam,
1862 1677 1923 1723 ut
1957 1660 2122 1724 etiam

524 1774 655 1821 tetas
686 1765 928 1820 hominis
968 1764 1165 1835 prima,
1198 1763 1253 1817 id
1287 1772 1371 1818 est
1413 1760 1663 1828 infantia,
1708 1776 1831 1832 quae
1854 1760 1974 1816 sine
2011 1760 2122 1815 ullo

2228 555 2370 611 inira
2412 555 2714 613 Ecclesiam
2766 558 3171 629 baptizautibus
3217 561 3529 617 asseruisse
3568 561 3815 633 legimus.

2228 645 2402 704 Nimis
2422 658 2509 704 est
2532 660 2715 705 autem
2739 650 2984 722 longum,
3013 659 3067 706 et
3089 651 3219 707 huic
3238 653 3531 723 quaestioni
3554 668 3669 708 non
3691 654 3820 710 adeo

2229 742 2622 808 necessarium,
2658 751 2718 798 ut
2753 743 2987 813 pleniter
3013 744 3359 811 discutiatur,
3394 746 3539 801 unde
3569 745 3823 817 baptizati

2218 831 2519 886 remissam
2555 842 2907 902 peccatorum
2949 834 3251 905 accipiant,
3279 836 3448 890 etiam
3484 852 3618 892 cum
3637 837 3822 908 perﬁdi

2224 937 2324 977 eos
2350 923 2648 994 baptizant.
2673 923 3017 982 Suiﬁcienter
3035 935 3219 983 tamen
3247 929 3321 983 ita
3346 930 3685 999 respondere
3699 946 3823 1001 pos-

2233 1028 2428 1070 sumus
2489 1016 2559 1070 ad
2606 1016 2840 1088 objecta,
2894 1027 2956 1073 ut
2995 1026 3050 1075 et
3100 1021 3314 1090 parvuli
3361 1022 3490 1077 inde
3534 1024 3823 1080 remissam

2227 1116 2577 1177 peccatorum
2617 1111 2896 1182 accepisse
2945 1112 3269 1180 credantur,
3314 1115 3462 1170 unde
3488 1125 3545 1170 et
3575 1116 3824 1172 homines

2228 1199 2414 1271 magni
2458 1200 2529 1255 ab
2570 1200 2844 1259 haereticis
2886 1219 2997 1260 non
3034 1204 3164 1261 ﬁcto
3196 1206 3361 1262 corde
3392 1208 3477 1262 vel
3508 1207 3824 1279 ignorantcr

2227 1292 2509 1362 baptizati.
2542 1291 2600 1348 Si
2641 1295 2768 1365 quis
2798 1303 2983 1352 autem
3027 1297 3259 1367 pleniter
3286 1299 3353 1353 de
3381 1301 3559 1370 gratia
3589 1298 3823 1370 Spiritus

2225 1386 2424 1453 sancti,
2455 1384 2571 1442 sive
2591 1386 2658 1442 de
2688 1389 2920 1445 remissa
2948 1399 3320 1460 peccatorum,
3345 1394 3492 1447 unde
3520 1394 3822 1465 accipiatur

2227 1476 2369 1532 scire
2408 1478 2677 1544 voluerit,
2723 1480 2780 1534 in
2810 1480 2968 1536 libris
2996 1480 3057 1536 Β.
3100 1482 3390 1553 Augustini
3417 1492 3615 1539 contra
3644 1485 3820 1541 Dona-

2227 1565 2384 1623 tistas
2409 1568 2741 1626 sufﬁcienter
2770 1571 3015 1629 invenire
3042 1576 3242 1644 poterit
3272 1594 3285 1627 :
3326 1576 3379 1630 in
3405 1576 3616 1645 quibus
3640 1587 3695 1633 et
3724 1579 3824 1634 hoc

2225 1662 2362 1718 satis
2389 1664 2668 1720 evidenter
2694 1667 3131 1739 asseritur.quod
3147 1670 3329 1725 divina
3360 1682 3711 1733 sacramenta
3731 1690 3823 1744 per

2225 1755 2498 1824 quoslibet
2513 1757 2776 1828 reprobos
2802 1760 3190 1816 administrata
3219 1763 3657 1833 percipientibus
3688 1766 3826 1821 salu.

522 1861 707 1915 renisu
731 1859 978 1931 subjacet
999 1858 1151 1915 carni
1172 1876 1191 1925 ;
1211 1851 1266 1913 et
1290 1856 1550 1923 saeunda,
1575 1872 1700 1927 qua:
1719 1854 1953 1928 pueritia
1984 1869 2114 1910 nun-

2222 1844 2377 1902 til‘era
2398 1864 2525 1905 esse
2542 1852 2790 1921 possint,
2818 1853 3137 1925 quicunque
3165 1870 3231 1909 ea
3253 1870 3365 1911 non
3386 1855 3518 1913 ﬁcto
3546 1859 3718 1915 corde
3737 1860 3821 1914 vel

522 1934 753 2022 cupatur
779 1952 894 2024 (ubi
943 1952 1186 2007 nondum
1230 1947 1645 2020 ratio‘suscepit
1677 1948 1819 2004 hanc
1853 1961 2112 2019 pugnam,

519 2055 573 2100 et
595 2045 706 2101 fere
732 2045 834 2101 sub
848 2045 1014 2100 nullis
1032 2043 1216 2116 (1141)
1240 2042 1454 2099 vitiosis
1474 2040 1928 2098 delectationibus
1947 2040 2115 2111 jacet,

520 2140 649 2208 quia
679 2139 938 2210 licetjam
984 2137 1088 2194 fari
1120 2137 1318 2205 valeat,
1341 2145 1396 2192 et
1428 2134 1550 2193 ideo
1588 2134 1819 2191 infantia
1851 2134 2116 2190 transisse

516 2231 789 2299 videatur,
818 2232 1065 2287 nondum
1106 2231 1163 2286 in
1188 2246 1251 2286 ea
1281 2238 1366 2286 est
1394 2229 1650 2302 praecepti
1682 2243 1850 2299 capax
1885 2226 2116 2283 infirmi-

517 2333 605 2379 tas
662 2323 905 2395 mentis),
956 2325 1002 2380 si
1060 2332 1405 2380 sacramenta
1464 2322 1782 2377 mediatoris
1823 2321 2112 2391 acceperit,

518 2414 737 2473 etiamsi
761 2418 813 2472 in
845 2418 926 2474 eis
948 2419 1108 2473 annis
1140 2417 1308 2473 vitam
1351 2416 1525 2483 ﬁniat,
1554 2408 1830 2472 translata
1848 2415 2055 2471 scilicet
2083 2430 2116 2471 a

516 2508 790 2580 potestate
819 2512 1174 2567 tenebrarum
1200 2511 1254 2565 in
1280 2525 1510 2581 regnum
1544 2509 1768 2576 Christi,
1800 2524 1911 2564 non
1934 2509 2114 2564 solum

517 2602 698 2672 ptl‘ttls
725 2618 837 2658 non
871 2611 1211 2677 praeparetur
1256 2602 1497 2669 aeternis,
1531 2601 1624 2659 sed
1659 2617 1726 2657 ne
1774 2602 1865 2657 illa
1891 2601 2115 2673 quidem

516 2706 643 2767 post
684 2705 918 2753 mortem
942 2678 1279 2769 'pnrgatorla
1310 2703 1582 2751 tormenta
1612 2695 1869 2766 patiatur.
1907 2694 2116 2752 Sumeit

515 2788 664 2842 enim
700 2786 816 2845 sola
871 2787 1171 2860 spiritualis
1212 2784 1571 2861 regeneratio,
1619 2798 1743 2859 post
1781 2799 2015 2845 mortem
2047 2805 2116 2846 ne

510 2874 660 2935 ‘obsit
709 2881 860 2953 quod
907 2880 1148 2940 carnalis
1194 2883 1474 2953 generatio
1510 2896 1637 2938 cum
1677 2891 1855 2938 morte
1897 2893 2116 2939 contra-

519 2973 615 3027 xit.
652 2992 671 3025 ι
704 2971 765 3027 ιιι
787 2974 893 3030 hac
914 2974 1184 3031 sententia
1213 2973 1273 3029 B.
1313 2974 1654 3047 Augustinus
1697 2968 1908 3031 nullum
1940 2976 1996 3031 in
2025 2976 2113 3031 in-

515 3062 687 3121 fantia
708 3067 1047 3138 baptizatum
1071 3068 1354 3138 excepisse
1378 3068 1629 3137 videtur;
1658 3069 1803 3125 unde
1824 3085 1923 3125 nec
1954 3070 2114 3125 nobis

515 3164 695 3214 tutum
728 3169 831 3225 cst,
866 3161 1106 3231 aliquem
1142 3161 1434 3231 parvulum
1469 3162 1740 3233 excipere,
1781 3179 1945 3234 quem
1973 3164 2111 3219 inte-

512 3268 612 3322 gro
647 3251 963 3307 mediatoris
993 3263 1338 3309 sacramento
1373 3254 1648 3310 initiatum
1692 3256 1900 3327 absque
1931 3257 2110 3314 cordis

515 3345 801 3401 arci-sione
840 3362 1188 3416 nequaquam
1222 3362 1520 3417 possumus
1547 3347 1836 3421 denegare.

587 3492 700 3549 VII.
743 3493 1011 3548 Praeterea
1040 3494 1087 3549 si
1117 3494 1245 3564 quis
1273 3494 1439 3549 etiam
1465 3509 1530 3549 ex
1570 3495 1874 3565 majoribus
1904 3495 1975 3551 ab
1998 3497 2112 3561 hie-

517 3586 710 3652 retice,
734 3586 977 3642 hrercsin
998 3585 1217 3657 penitus
1239 3585 1555 3654 nesciendo,
1569 3595 1624 3641 et
1644 3587 1809 3642 corde
1834 3603 1940 3642 non
1962 3586 2108 3653 (icto,

514 3678 789 3734 catholico
836 3692 989 3733 more
1037 3676 1345 3748 baptizatus
1379 3677 1562 3733 statim
1610 3687 1937 3747 moreretur,
1970 3695 2112 3734 nun-

516 3767 649 3838 quid.
676 3782 789 3823 non
809 3767 899 3822 ille
928 3766 1236 3825 catholicus
1253 3779 1310 3824 et
1335 3768 1663 3826 Christiana:
1696 3770 1861 3826 saluti
1882 3771 2112 3828 idoneus

520 3860 717 3919 merito
760 3860 1109 3917 crederetur?
1162 3858 1298 3917 Nam
1347 3863 1509 3933 plane
1549 3863 1707 3934 juxta
1745 3864 2109 3937 Augustinum

512 3952 733 4011 suillum
765 3954 1172 4022 contaminant,
1212 3955 1411 4012 nedum
1456 3955 1736 4024 damnent,
1782 3958 1958 4014 aliena
1982 3974 2110 4029 pec-

514 4054 659 4113 cata,
698 4046 747 4102 si
770 4046 988 4116 penitus
1011 4046 1217 4103 fuerint
1243 4048 1549 4121 incognita;
1579 4050 1653 4106 ita
1699 4051 1846 4115 enim
1876 4053 1943 4109 ad
1976 4052 2111 4109 Vin-

516 4139 769 4193 centium
800 4136 1143 4195 Donatistam
1174 4140 1424 4197 scribens
1449 4143 1638 4213 (epist.
1670 4143 1761 4210 93,
1786 4141 1925 4216 Opp.
1955 4155 1995 4200 t.
2020 4144 2110 4214 ll.,

504 4229 716 4301 ιιι-956)
750 4249 765 4284 :
793 4228 1037 4298 Nullius,
1060 4232 1258 4303 inquit,
1283 4233 1485 4288 crimen
1514 4234 1750 4289 maculat
1773 4238 2106 4294 nescientem.

506 4320 651 4378 item
697 4323 766 4378 ad
802 4322 1106 4380 [interitum
1139 4323 1332 4398 (Ibid.,
1365 4343 1420 4381 η.
1452 4326 1507 4393 2,
1540 4343 1662 4400 pag.
1702 4327 1831 4401 209)
1867 4348 1879 4384 :
1923 4328 2108 4399 Illud,

517 4414 725 4485 inquit,
757 4430 894 4469 nunc
917 4416 1161 4471 attendat
1176 4417 1456 4488 vigilantia
1477 4419 1668 4474 mentis
1696 4430 1823 4488 tute,
1852 4423 2109 4478 neminem

514 4524 666 4572 posse
737 4508 1095 4563 contaminari
1151 4510 1391 4580 ignotum
1426 4511 1725 4584 ignotisque
1775 4514 2105 4569 criminibus.

2217 1953 2416 1994 averso
2454 1940 2620 1996 corde
2645 1944 3013 2014 perceperint.

2286 2083 2379 2141 IX.
2439 2085 2632 2146 Adhuc
2681 2088 2917 2147 fortasse
2961 2100 3015 2147 et
3059 2092 3164 2147 hoe
3216 2092 3477 2164 objicitur
3518 2096 3671 2167 quod
3712 2092 3813 2151 SS.

2215 2176 2404 2234 Patres
2429 2181 2686 2250 parvulos
2708 2182 2765 2237 in
2800 2183 2998 2239 haeresi
3026 2184 3336 2255 baptizatos
3362 2203 3463 2257 per
3498 2204 3702 2245 manus
3723 2189 3822 2243 im-

2215 2269 2545 2340 positionem
2576 2274 2632 2328 in
2658 2275 2987 2332 catholicam
3020 2278 3363 2348 recipiendos
3385 2278 3503 2335 fore
3526 2297 3641 2336 non
3668 2282 3812 2337 dice-

2217 2372 2376 2429 rent,
2417 2364 2464 2419 si
2509 2368 2730 2436 penitus
2786 2368 2909 2425 illos
2932 2368 3291 2440 ineulpabiles
3340 2388 3466 2427 esse
3486 2373 3813 2443 jndicarent.

2221 2451 2314 2539 Sic
2364 2471 2495 2528 ergo
2547 2457 2606 2513 Β.
2643 2457 2940 2533 Gregorius
2968 2478 3108 2533 papa
3151 2461 3173 2516 Ῑ
3205 2464 3466 2535 parvulos
3503 2465 3577 2520 ab
3602 2468 3819 2522 Arianis

2218 2547 2521 2617 baptizatos
2571 2553 2917 2608 reconciliari
2968 2556 3381 2628 praecepit(lib.
3426 2573 3468 2626 ι,
3512 2560 3675 2628 epist.
3702 2560 3814 2628 l7).

2218 2639 2361 2694 sicut
2398 2638 2721 2699 Africanum
2761 2646 3055 2701 concilium
3086 2663 3117 2703 a
3165 2646 3464 2705 Donatistis
3517 2650 3818 2722 baptizatos

2217 2732 2561 2790 reconciliari
2601 2736 2798 2793 debere
2849 2740 3058 2795 notavit
3084 2740 3316 2812 (1142).
3354 2740 3469 2799 Nec
3490 2758 3598 2800 nos
3635 2746 3820 2816 utique

2217 2824 2305 2881 bis
2347 2828 2800 2898 eontradicimus,
2837 2831 2948 2887 imo
2985 2832 3349 2890 libentissime
3375 2838 3816 2908 acquiescimus;

2217 2918 2470 2976 videlicet
2514 2930 2575 2976 ut
2622 2923 2837 2993 parvuli
2874 2924 3018 2995 apud
3069 2924 3359 2983 haereticos
3418 2928 3685 2999 baptizati
3724 2945 3818 3000 per

2217 3026 2417 3069 manus
2464 3014 2870 3086 impositionem
2915 3018 3271 3089 recipiantur,
3307 3020 3352 3075 si
3397 3030 3585 3077 tamen
3630 3022 3816 3078 tandiu

2218 3103 2481 3174 vixerint,
2528 3116 2587 3162 ut
2627 3108 2696 3163 ad
2728 3109 3224 3167 reconciliationem
3262 3114 3553 3183 pervenire
3583 3115 3814 3186 possint.

2140 3201 2182 3260 ο
2218 3192 2276 3249 Si
2308 3206 2489 3253 autem
2514 3215 2664 3256 mors
2685 3201 2809 3256 illos
2838 3202 2893 3257 in
2925 3204 3043 3274 ipsa
3065 3203 3294 3261 infantia
3326 3210 3813 3280 praeoccupaverit,

2215 3290 2416 3348 mirum
2439 3302 2553 3363 est,
2585 3296 2632 3352 si
2662 3301 2965 3356 necessitas
3020 3302 3215 3357 mortis
3242 3318 3339 3359 eos
3365 3304 3433 3359 de
3463 3306 3628 3377 culpa
3656 3306 3813 3377 igno-

2215 3386 2408 3442 rantiae
2462 3404 2571 3444 non
2601 3391 2802 3460 poterit
2831 3409 3120 3462 excusare,
3171 3412 3295 3469 quae
3320 3406 3377 3453 et
3406 3399 3650 3471 majores
3680 3411 3810 3455 natu

2213 3479 2281 3535 de
2308 3480 2469 3552 culpa
2522 3483 2807 3541 industriae
2863 3503 3128 3546 excusare
3183 3495 3506 3561 consuevit,
3558 3496 3704 3552 sicut
3747 3495 3810 3551 Β.

2212 3573 2555 3648 Augustinus
2585 3596 2749 3651 supra
2775 3581 3187 3643 demonstravit.
3215 3585 3306 3642 Sic
3320 3589 3482 3645 multi
3513 3591 3812 3661 saepissime

2214 3667 2282 3723 de
2331 3669 2517 3726 multis
2573 3671 3056 3732 observationibus
3084 3691 3206 3748 pro
3260 3678 3593 3735 necessitate
3622 3681 3809 3736 mortis

2214 3774 2569 3833 excusantur,
2600 3782 2741 3838 quos
2770 3776 2974 3838 tamen,
3020 3772 3067 3826 si
3097 3773 3523 3842 supervixerint,
3554 3775 3808 3831 ecclesia-

2214 3858 2353 3915 stico
2399 3874 2553 3916 more
2590 3861 2787 3919 merito
2815 3863 3127 3935 persolvere
3176 3866 3458 3937 jubentur.
3495 3868 3591 3926 Sic
3618 3870 3808 3942 quippe

2215 3949 2541 4019 ptenitentes
2564 3962 2690 4008 ante
2720 3962 2996 4023 peractam
3026 3955 3408 4026 paenitentiam
3436 3973 3541 4028 pro
3571 3957 3808 4029 perion

2214 4044 2407 4099 mortis
2457 4061 2834 4116 saepenumero
2879 4047 3256 4104 communioni
3341 4050 3664 4120 sociantur,
3716 4052 3801 4121 qui

2213 4145 2396 4191 tamen
2445 4136 2603 4207 juxta
2635 4136 2914 4195 Nicaznum
2965 4141 3260 4198 concilium
3292 4142 3440 4215 (can.
3477 4144 3587 4212 i3;
3620 4142 3800 4208 [ιλιι.

2215 4237 2254 4284 t.
2287 4227 2351 4298 ll,
2407 4246 2530 4305 pag.
2590 4232 2705 4302 35),
2764 4233 2813 4290 si
2865 4234 3292 4305 supervixerint,
3349 4238 3602 4311 legitimo
3623 4240 3808 4297 ordine

2213 4324 2591 4393 pmnitentiam
2619 4342 2875 4401 peragere
2896 4328 3181 4399 jubentnr.
3209 4328 3321 4387 Nec
3350 4332 3458 4389 hoc
3486 4336 3676 4405 utique
3705 4331 3801 4389 SS.

2214 4418 2406 4478 Patres
2434 4421 2509 4478 ita
2542 4422 2779 4494 jussisse
2819 4424 3074 4481 credendi
3103 4435 3253 4495 sunt,
3283 4429 3447 4499 quasi
3495 4431 3714 4501 penitus
3738 4430 3807 4485 de

2215 4514 2393 4572 salute
2413 4516 2797 4586 ptenitentium
2835 4518 3209 4590 desperarent,
3248 4522 3463 4579 etiamsi
3516 4534 3648 4581 ante
3687 4540 3805 4596 per-

502 4598 663 4663 :hlt-m
690 4599 749 4654 in
775 4600 916 4656 libro
939 4598 1133 4671 Belide
1154 4579 1207 4656 et
1244 4579 1489 4674 operibus
1508 4579 1652 4675 (cap.
1685 4605 1737 4673 7,
1762 4621 1817 4661 ιι.
1846 4606 1932 4675 l0,
1967 4606 2105 4679 Opp.
2145 4579 2189 4636 D
2217 4618 2395 4665 actam
2410 4579 2786 4683 pmniteutiam
2807 4579 3399 4674 communione'donati
3411 4579 3650 4676 obirent.
3669 4579 3806 4675 ἔξω,

452 4684 459 4751 Ῐ
518 4701 556 4747 t.
592 4689 682 4759 Vl,
729 4707 781 4762 p.
821 4691 945 4763 176)
977 4693 1248 4766 virginem
1274 4695 1440 4751 etiam
1469 4696 1539 4752 de
1566 4694 1839 4755 adulterio
1859 4710 2106 4769 excusat,

518 4785 564 4837 si
591 4770 773 4841 alieno
792 4784 1098 4842 nescienter
1133 4787 1397 4858 nupserit,
1422 4796 1478 4843 et
1503 4788 1607 4845 hoc
1631 4790 1842 4858 tandiu,
1864 4794 2108 4863 quandiu

516 4877 637 4944 ipsa
681 4875 1031 4948 ignorare-rit.
1059 4877 1119 4933 Si
1146 4890 1281 4952 ergo
1316 4878 1423 4936 hoc
1452 4881 1552 4937 rite
1577 4882 1818 4940 creditur
1837 4885 1905 4942 de
1935 4887 2109 4957 majo-

520 4968 693 5037 ribus,
731 4978 941 5041 quanto
969 4971 1148 5042 magis
1169 4972 1237 5028 de
1285 4973 1530 5042 parvulis
1564 4975 1749 5031 omnia
1777 4978 1922 5033 mala
1955 4979 2107 5050 igno-

444 5078 449 5081 τ
518 5057 802 5127 rentibus,
833 5061 1083 5118 videlicet
1110 5073 1170 5118 ut
1207 5064 1402 5122 alienis
1434 5067 2106 5139 peccatisbaptizantium

458 5140 459 5145 “
521 5167 631 5206 non
690 5147 1155 5223 condemnentur,
1201 5170 1300 5228 per
1332 5172 1504 5229 'quos
1544 5159 1729 5217 divina
1764 5166 2107 5221 sacramenta

520 5258 650 5298 cum
677 5242 826 5297 nulla
852 5242 1069 5309 ﬁctione
1098 5249 1282 5305 cordis
1315 5248 1630 5312 ignoranter
1666 5265 2047 5312 perceperunt.

2210 4705 2369 4775 juxta
2407 4706 2463 4763 S.
2518 4707 2757 4767 Leonem
2806 4728 3004 4784 papam
3053 4715 3232 4787 (epist.
3261 4716 3363 4785 9i,
3394 4717 3588 4787 Lana"
3638 4719 3806 4787 ιιιι,

2216 4818 2339 4875 pag.
2392 4802 2565 4877 i-iOSl)
2600 4824 2613 4860 :
2657 4804 2862 4862 Divina:
2900 4808 3093 4879 pietati
3149 4828 3451 4868 manarent
3476 4830 3675 4885 pom
3711 4832 3814 4871 nec

2214 4913 2494 4969 possumus
2524 4917 2615 4957 nec
2644 4900 2925 4968 debemus;
2954 4919 3080 4960 eum
3113 4912 3167 4960 et
3191 4906 3333 4962 latro
3353 4908 3413 4963 in
3440 4923 3609 4965 cruce
3626 4913 3815 4981 ptui-

2213 4991 2400 5058 tue‘rit,
2448 5002 2503 5050 et
2531 4992 2600 5051 de
2628 5007 2793 5052 cruce
2840 4995 3026 5052 statim
3058 4994 3124 5052 ad
3152 4997 3471 5067 paradisum
3502 5002 3809 5058 transieris.

2214 5081 2490 5154 Scriptum
2525 5095 2613 5143 est
2640 5085 2772 5144 item
2805 5105 2818 5142 :
2852 5085 2919 5143 In
2946 5104 3259 5163 quacunque
3278 5091 3371 5148 die
3398 5103 3650 5163 peccator
3679 5111 3811 5149 σοι.

2210 5191 2388 5233 ret-sua
2409 5177 2745 5251 ingemuerit,
2765 5180 2945 5247 caicus
2955 5182 3060 5237 erit
3072 5179 3292 5253 (Each.
3308 5187 3535 5260 xxxiii).
3548 5184 3653 5244 Sic
3666 5203 3813 5261 ergo

2212 5285 2312 5312 nm
2352 5286 2454 5312 nm
2490 5271 2560 5312 ΛΔ
2584 5274 2829 5312 unt-usan
2857 5275 2912 5312 in
2941 5275 3134 5312 ham-agi
3173 5276 3467 5312 Inmunis-mi.
3513 5281 3677 5312 Am
