3986 5312
149 261 293 316 ιι-έϐο

1038 253 1329 309 ΑΡΡΕΝΙ).
1360 253 1447 307 lll.
1488 282 1556 290 —
1593 250 2024 304 MUNUMLNIA
2063 248 2528 301 (ιιίιλιυιιιωλ.

3296 244 3434 298 12Ἱο
3502 320 3515 333 ι

142 378 310 447 quasi
337 392 439 449 pro
473 375 590 448 lege
610 376 953 438 observatur,
980 380 1040 426 ut
1062 371 1131 424 ab
1156 369 1349 428 ordine
1382 366 1731 439 dejiciantur,
1767 368 1811 423 Α
1836 361 2041 432 aliquid
2095 359 2501 443 committeret,
2569 354 2713 411 unde
2758 354 2916 426 juxta
2977 353 3328 410 Ambrosium
3380 367 3435 412 ct

143 483 315 538 quem
349 477 476 524 ante
498 469 711 539 lapsum
740 466 1021 529 habuisse,
1056 472 1110 517 et
1139 463 1193 516 in
1223 476 1333 531 quo
1363 473 1618 529 peccasse
1649 457 1743 511 de—

146 571 436 633 teguntur.
468 561 559 616 Sic
585 561 846 615 nimirum
888 559 942 612 in
980 556 1171 612 ordine
1200 551 1581 624 paenitentiam
1611 564 1744 603 con-

146 654 356 723 stituti,
385 655 433 710 si
454 655 635 710 denuo
669 653 948 715 labuntur,
997 648 1231 719 pristino
1255 643 1436 700 ordini
1478 658 1588 697 non
1642 642 1744 694 im-

151 747 354 802 merito
380 746 699 818 jndicantur
736 742 965 815 indigni.
1001 738 1120 795 Non
1154 748 1335 794 tamen
1362 737 1468 791 hoc
1507 733 1608 789 SS.
1650 731 1746 787 Pa-

150 847 270 895 tres
295 838 676 909 desperatione
703 836 876 891 venize
916 843 1028 889 tam
1074 831 1273 888 acriter
1314 827 1616 884 instituisse
1662 824 1744 879 vi-

152 930 375 999 dentur,
403 930 674 1001 praecipue
702 944 827 983 cum
862 926 1128 981 Dominus
1162 937 1355 978 omnes
1383 919 1633 975 homines
1654 931 1745 971 ve-

152 1022 233 1089 lit,
246 1023 432 1078 salvos
468 1022 609 1089 ﬁeri,
645 1030 700 1076 et
722 1028 996 1091 peccator,
1026 1018 1078 1072 in
1123 1029 1453 1087 quocunque
1476 1012 1564 1067 die
1595 1011 1753 1081 inge-‘

153 1114 381 1180 muerit,
410 1114 595 1168 salvus
628 1113 732 1168 erit
762 1110 978 1183 (Ezech.
1016 1108 1236 1177 xxxiii).
1292 1105 1435 1170 Non,
1497 1104 1741 1173 inquam,

153 1206 542 1276 desperatione
568 1205 760 1270 venia),
794 1203 887 1259 sed
943 1218 1043 1273 pro
1069 1200 1280 1257 cautela
1314 1195 1613 1267 disciplima
1641 1195 1744 1248 hoc

153 1299 520 1355 constitutum
552 1298 929 1368 intelligimus,
963 1295 1105 1350 sicut
1145 1308 1208 1348 ex
1258 1291 1439 1346 verbis
1472 1288 1530 1343 Β.
1560 1287 1746 1358 Angu-

155 1391 290 1447 stini
312 1392 381 1447 ad
395 1390 771 1446 Macedonium
790 1389 848 1460 (l.
862 1388 936 1458 c.)
950 1386 1253 1458 approbare
1283 1394 1597 1453 possumus;
1615 1377 1747 1433 dicit

154 1484 306 1538 enim
351 1483 497 1554 quod
538 1490 696 1538 caute
750 1480 1150 1549 salubriterque
1206 1474 1489 1557 provisum
1540 1473 1631 1537 sit,
1687 1479 1747 1524 ut

156 1577 317 1630 locus
341 1574 641 1646 paenitendi
686 1580 811 1644 post
856 1572 1232 1643 ptenitentiam
1263 1567 1433 1637 lapsis
1469 1577 1577 1620 non
1614 1580 1746 1619 con—

153 1668 406 1732 cedatur,
432 1682 493 1719 ne
517 1665 778 1719 medicina
806 1660 925 1718 vilis
964 1663 1139 1716 minus
1167 1659 1315 1715 utilis
1346 1665 1478 1712 esset
1507 1656 1742 1727 wgrotis,

1846 453 2082 508 fructum
2114 437 2448 522 paenitentiae
2476 449 2750 519 perderet,
2773 455 2829 502 et
2849 446 3105 517 deinceps
3148 447 3303 517 juxta
3336 442 3433 502 an-
3508 450 3519 461 ⁴

1846 546 2058 616 tiquum
2084 559 2292 599 morem
2325 540 2624 613 paenitendi
2650 540 2831 595 locum
2864 554 2973 594 non
3000 538 3289 593 obtineret.
3512 536 3515 539 ’

1916 635 2026 691 Vll.
2087 636 2245 705 Apud
2288 634 2583 689 modernos
2645 632 2854 701 tamen}
2893 632 3047 686 locus
3098 630 3435 701 pmnitentia:

1847 728 2180 800 quibuslibet
2219 725 2390 796 lapsis
2426 740 2536 779 non
2582 733 2832 795 negatur,
2862 723 2993 792 quia
3044 722 3180 777 adeo
3232 738 3436 792 usqnc-
3513 719 3518 725 ’

1844 835 2063 892 quaque
2086 816 2325 874 humana
2379 817 2620 887 pravitas
2678 815 2928 881 invaluit,
2984 823 3039 870 et
3064 816 3259 886 jugum
3294 814 3437 868 anti-

1844 929 1968 985 quae
2000 910 2303 981 disciplime
2330 909 2547 980 abjecit,
2577 917 2639 964 ut
2667 915 2859 963 sancta
2882 905 3125 962 Ecclesia
3146 905 3264 977 jam
3293 906 3435 961 mul-
3510 906 3513 911 ⁴

1847 1014 1963 1059 tum
1986 1002 2266 1074 gauderet,
2320 1002 2366 1056 si
2424 1001 2608 1071 aliquo
2652 999 2817 1054 modo
2861 997 3180 1069 resipiscere
3215 998 3433 1054 vellent.

1846 1094 2006 1150 Novit
2069 1095 2217 1150 enim
2287 1093 2384 1148 Dei
2444 1091 2883 1148 misericordiam
2928 1092 2995 1147 ad
3044 1091 3435 1163 indulgendum

1847 1187 2312 1258 promptissimam
2334 1226 2349 1252 ,
2395 1200 2496 1240 nec
2532 1184 2767 1239 multum
2809 1183 3017 1240 distare
3051 1183 3195 1254 apud
3220 1182 3391 1239 Deum
3417 1226 3433 1250 ,
3532 1173 3537 1176 ’

1846 1296 1952 1351 qua
1985 1278 2276 1335 severitate
2304 1276 2387 1332 vel
2410 1277 2637 1333 lenitate
2664 1276 2822 1347 juxta
2868 1275 3241 1342 diversitatem
3297 1283 3436 1331 tem-

1847 1388 2043 1444 porum
2071 1378 2293 1443 peccata
2315 1369 2638 1441 puniantur,
2671 1369 2719 1425 si
2743 1376 2954 1426 tantum
2970 1377 3226 1441 peccator
3240 1386 3306 1427 ex
3319 1378 3435 1426 toto

1848 1466 2011 1523 corde
2033 1473 2404 1521 convertatur.

1919 1543 2053 1599 V'lll.
2087 1543 2164 1600 De
2195 1542 2405 1616 virgine
2448 1553 2630 1598 autem
2678 1558 2897 1600 sacraa
2939 1543 3223 1614 proposito
3258 1545 3434 1614 lapsa,

1849 1653 1971 1709 qua:
1988 1637 2042 1691 in
2070 1636 2298 1708 gradum
2329 1635 2656 1707 virginitatis
2694 1651 2804 1691 non
2841 1643 3066 1707 putatur
3109 1637 3434 1701 revocanda,

152 1775 273 1828 qua:
301 1727 450 1812 tanta
494 1758 662 1828 magis
692 1748 1168 1824 salubris,quanto
1222 1752 1395 1805 minus
1428 1748 1742 1818 contempti-
1776 1732 1819 1787 Β
1848 1746 1956 1786 ηοη
1981 1737 2065 1786 εει
2088 1727 2742 1828 ¹¹ίῐηίθᾳεῆ¹ξίθηάθηάιιῐην
2806 1743 2875 1783 ne
2911 1728 3028 1799 ipsa
3078 1729 3181 1783 hac
3210 1737 3438 1791 conten“

156 1850 308 1904 bilis.
342 1849 409 1904 Et
437 1850 543 1905 hoc
580 1850 769 1920 utique
797 1862 898 1919 pro
921 1847 1100 1918 rigore
1137 1843 1457 1914 disciplinam,
1501 1857 1612 1896 non
1663 1850 1746 1895 ta-

156 1959 288 1999 men
314 1959 489 2013 usque
511 1942 578 1998 ad
600 1941 1039 2012 desperationem
1065 1939 1253 1993 veniae.
1286 1935 1422 1990 Nam
1459 1935 1600 1989 idem
1634 1931 1746 1987 Au-

154 2036 417 2106 gustinus
459 2036 515 2089 in
570 2034 759 2090 eadem
806 2032 1036 2103 cpistola
1084 2030 1217 2086 dicit
1260 2030 1314 2084 in
1361 2026 1742 2099 sequentibus:

158 2128 298 2193 Quis
332 2127 527 2182 audeat
566 2136 681 2199 post
718 2126 1083 2197 paenitentiam
1114 2123 1279 2193 lapsis
1311 2120 1585 2191 denegare,
1619 2117 1747 2187 quin
1777 2136 1780 2140 λ

156 2218 261 2274 Dei
320 2220 581 2290 patientia
642 2219 711 2272 ad
761 2218 1126 2289 paenitentiam
1178 2232 1265 2270 eos
1309 2213 1566 2278 adducat,
1620 2210 1748 2281 quin

157 2315 328 2368 etiam
352 2313 493 2367 beati
530 2314 659 2380 sint,
690 2313 736 2366 si
766 2313 821 2366 in
851 2310 1081 2365 Domino
1114 2308 1427 2379 conﬁdant?
1471 2304 1626 2360 Sicut
1655 2319 1747 2358 er-

159 2422 231 2479 go
263 2415 387 2479 post
421 2407 797 2477 pmnitentiam
835 2404 1004 2475 lapsis
1029 2404 1212 2458 locum
1238 2398 1539 2472 paenitendi
1582 2414 1614 2451 a
1639 2396 1740 2450 SS.

158 2500 418 2569 Pati-ibus
441 2515 550 2554 non
574 2499 951 2568 desperatione
1004 2496 1195 2563 veniae,
1228 2493 1323 2549 sed
1353 2493 1533 2563 rigore
1579 2491 1747 2545 disci—

161 2592 328 2663 plina:
352 2572 571 2663 penitus
600 2591 926 2661 denegatum
956 2588 1189 2659 legimus
1213 2628 1228 2654 ,
1265 2585 1344 2641 sic
1363 2594 1417 2639 et
1441 2583 1610 2655 lapsis
1638 2583 1748 2637 vir-

161 2686 384 2757 ginibus
402 2684 576 2740 sacris
600 2682 975 2753 paenitentiam
1031 2678 1346 2750 aliquandiu
1388 2677 1708 2757 denegatam
1731 2717 1746 2743 ,

162 2754 357 2832 imoin
384 2785 599 2847 tempus
632 2774 857 2831 dilatam
903 2772 1039 2829 satis
1092 2777 1462 2841 competenter
1490 2754 1748 2838 intelligi.-

162 2885 321 2925 mus.

238 2959 328 3015 Vl.
371 2959 468 3018 Est
493 2960 587 3033 (et)
624 2961 731 3018 alia
754 2975 942 3028 causa,
968 2974 1068 3029 pro
1093 2972 1201 3030 qua
1240 2953 1339 3011 SS.
1372 2953 1562 3011 Patres
1582 2968 1748 3026 quos-

138 3054 293 3117 .dam
350 3054 420 3109 ab
454 3054 771 3125 hujusmodi
818 3052 1136 3123 paenitentia
1183 3047 1596 3120 suspendendos
1627 3060 1750 3102 esse

158 3146 501 3217 iudicarunt,
532 3146 777 3201 videlicet
794 3144 1050 3216 juvenilis
1075 3153 1228 3209 aetas,
1268 3151 1322 3197 et
1351 3140 1533 3196 carnis
1584 3137 1751 3208 fragi-

163 3240 313 3293 litas.
385 3236 521 3292 Hinc
570 3237 626 3293 S.
685 3237 945 3292 Silvestcr
998 3253 1136 3307 papa
1196 3234 1481 3290 constituit
1521 3230 1749 3305 (Concil.

165 3330 327 3386 Rom.
360 3347 410 3385 c.
444 3331 530 3398 12,
572 3330 759 3399 Lana,
799 3340 838 3386 t.
868 3330 934 3396 l.,
960 3346 1082 3402 pag.
1116 3329 1300 3399 1555),
1328 3394 1331 3397 Α
1356 3336 1414 3381 ut
1448 3340 1608 3380 nemo
1642 3340 1753 3396 pae-

167 3423 454 3478 nitentiam
477 3424 567 3478 det
588 3423 820 3491 homini,
853 3422 960 3478 nisi
988 3420 1353 3493 quadraginta
1374 3417 1552 3474 aetatis
1577 3432 1755 3473 annos

168 3514 411 3570 babenti.
427 3515 570 3595 .ltem
596 3515 653 3571 S.
679 3515 1005 3571 Ambrosius
1028 3515 1083 3568 in
1105 3514 1246 3568 libro
1280 3521 1472 3567 contra
1493 3509 1754 3566 Novatia-

167 3622 271 3662 nos
296 3608 354 3677 (l.
385 3624 459 3675 c.,
488 3625 610 3680 pag.
641 3609 747 3663 438
794 3607 1061 3678 plenius):
1092 3604 1153 3661 Si
1180 3621 1324 3671 caro,
1363 3604 1558 3676 inquit,
1599 3621 1755 3674 repu-

165 3708 296 3769 gnat
319 3701 504 3767 menti,
529 3717 621 3755 nec
646 3700 860 3754 subdita
899 3707 978 3753 est
1012 3698 1182 3753 animi
1224 3696 1601 3769 gubernaculo,
1636 3712 1755 3750 non

163 3807 406 3861 quierens
428 3808 584 3862 opera
616 3792 957 3860 paenitentia,
982 3807 1044 3845 ne
1079 3790 1134 3844 in
1156 3791 1271 3861 ipsa
1300 3790 1611 3859 pmuitentia
1630 3789 1751 3859 ﬁat,

163 3883 309 3954 quod
333 3893 515 3953 postea
542 3884 773 3955 indigeat
801 3884 1148 3954 paenitentia;
1171 3898 1289 3952 qua:
1332 3883 1379 3936 si
1410 3880 1569 3935 semel
1594 3881 1754 3950 fuerit

163 3984 449 4045 usurpata,
472 3993 564 4031 nec
598 3976 699 4030 rite
725 3974 1008 4042 celebrata,
1041 3990 1134 4029 nec
1166 3970 1362 4045 prioris
1408 3973 1642 4043 fructum
1671 3971 1759 4025 ob-

164 4069 321 4133 tinet,
348 4077 398 4120 et
424 4069 598 4138 aufert
623 4085 776 4121 usum
796 4068 1126 4138 posterioris.
1170 4065 1302 4121 Item
1350 4063 1450 4120 SS.
1484 4063 1675 4118 Patres
1699 4062 1755 4116 in

162 4160 403 4215 concilio
449 4159 749 4232 Agathensi
792 4160 1030 4231 capitulo
1086 4159 1151 4214 17
1217 4159 1370 4231 (cap.
1413 4158 1511 4225 15;
1559 4156 1755 4224 Lana,

167 4261 207 4307 t.
240 4249 335 4319 1V,
364 4268 419 4323 p.
452 4252 642 4324 1586):
668 4252 984 4321 Juvenibus,
1010 4252 1284 4323 inquiunt,
1310 4250 1622 4321 poenitentia
1651 4266 1754 4303 non

164 4354 246 4398 cst
270 4343 854 4419 [acileionimittendm
877 4344 1019 4412 Quid
1049 4357 1180 4405 ergo
1232 4343 1467 4411 mirum,
1494 4342 1541 4398 si
1578 4341 1639 4396 Β.
1672 4341 1760 4395 ln-

1850 1824 1998 1879 tione
2026 1831 2218 1879 contra
2240 1820 2302 1876 B.
2330 1819 2726 1893 Hieronymum
2788 1820 2977 1875 venire
3003 1820 3308 1888 videamur,
3342 1822 3437 1891 qui

1848 1915 1981 1971 dicit
2013 1914 2220 1986 (1146),
2246 1912 2419 1968 Deum
2442 1912 2712 1982 virginem
2736 1928 2845 1968 non
2872 1927 3033 1984 posse
3064 1921 3188 1983 post
3216 1913 3431 1983 lapsum

1851 2022 2122 2077 reparare.
2148 2003 2286 2060 Nam
2320 2005 2526 2076 scripta
2553 2004 2611 2058 S.
2637 2003 2956 2077 Hieronymi
2983 2020 3013 2059 a
3039 2004 3099 2059 Β.
3127 2004 3347 2061 Gelasio
3376 2006 3430 2060 in

1851 2097 2098 2154 Romana
2137 2097 2348 2170 synodo
2371 2095 2578 2168 (Luam,
2609 2104 2648 2151 t.
2690 2094 2780 2163 IV,
2826 2112 2948 2167 pag.
2984 2096 3145 2169 1265)
3187 2113 3254 2153 ex
3300 2114 3436 2167 apo-

1850 2191 2043 2246 stolica
2064 2180 2395 2246 auctoritate
2409 2189 2557 2244 adeo
2569 2190 2899 2244 canonizata-
2936 2197 3086 2255 sunt,
3115 2198 3176 2243 ut
3204 2189 3439 2260 quicun-

1850 2300 1957 2355 que
1992 2284 2100 2339 illis
2145 2281 2497 2353 pertinaciter
2538 2280 2916 2337 contradicere
2952 2289 3183 2336 conatur
3208 2323 3223 2348 ,
3272 2281 3436 2336 etiam

1850 2375 2165 2446 apostolica:
2189 2372 2505 2429 auctoritati
2528 2373 2803 2428 contraire
2832 2387 2942 2427 non
2967 2371 3265 2428 dubitetur.
3300 2370 3443 2427 Sunt

1848 2482 1979 2539 ergo
2010 2483 2043 2522 a
2098 2466 2258 2522 nobis
2279 2465 2399 2535 ejus
2436 2463 2817 2519 venerabiliter
2861 2462 3064 2533 scripta
3103 2462 3437 2533 recipienda,

1850 2576 1951 2617 nec
1975 2560 2044 2615 ab
2072 2558 2256 2628 aliquo
2295 2566 2497 2612 temere
2519 2553 2836 2626 judicanda.
2889 2551 3046 2620 Quod
3083 2559 3264 2608 autem
3301 2553 3437 2622 ipse,

1855 2652 2024 2709 Deum
2042 2651 2310 2721 virginem
2342 2663 2601 2721 reparare
2627 2655 2754 2718 post
2778 2646 2994 2715 lapsum
3020 2659 3133 2699 non
3156 2658 3319 2714 posse
3344 2642 3432 2697 di-

1851 2744 1953 2813 xit,
1987 2758 2097 2798 non
2123 2741 2299 2813 magis
2328 2739 2663 2806 mirandum,
2709 2752 2877 2808 quam
2912 2737 3087 2791 multa
3133 2735 3263 2800 alia,
3313 2749 3438 2807 quae

1851 2835 1997 2891 Deus
2024 2835 2191 2889 libere
2210 2833 2409 2904 legitur
2432 2839 2488 2886 et
2509 2830 2751 2886 creditur
2780 2843 2891 2882 non
2914 2842 3098 2897 posse,
3130 2834 3190 2879 ut
3221 2824 3353 2879 illud
3379 2823 3436 2878 in

1850 2927 2092 2997 Epistola
2110 2924 2372 2980 Joannis:
2433 2923 2578 2978 Deus
2633 2920 2809 2992 fidelis
2848 2928 2948 2986 est,
2980 2920 3210 2988 seipsum
3251 2933 3439 2988 negare

1852 3038 1955 3075 non
1980 3028 2149 3090 potest
2181 3017 2269 3089 (II
2300 3016 2436 3071 Tim.
2469 3017 2552 3087 ιι).
2613 3014 2753 3071 Hinc
2791 3014 2968 3084 inquit
3005 3012 3331 3083 Apostolus:
3365 3008 3434 3064 In

1779 3088 1820 3146 Ο
1854 3111 1963 3166 Deo
1981 3088 2087 3164 non
2104 3088 2305 3164 estiss'r
2337 3118 2387 3163 et
2408 3124 2530 3175 non,
2560 3107 2651 3161 sed
2687 3107 2744 3160 in
2798 3104 2894 3159 illo
2921 3113 3000 3159 est
3021 3120 3121 3160 εδι-
3173 3102 3261 3174 (ΙΙ
3310 3101 3436 3159 Cor.
3479 3138 3490 3151 .

1854 3204 1916 3273 ι).
1943 3202 2152 3258 Dicitur
2174 3202 2337 3256 ctiam
2361 3200 2528 3255 libere
2549 3199 2754 3254 malum
2781 3213 2888 3253 non
2912 3211 3075 3268 posse
3092 3194 3299 3263 facere,
3328 3210 3440 3249 non

1853 3311 2014 3367 posse
2047 3296 2270 3363 mutari,
2295 3309 2405 3349 non
2433 3308 2598 3364 posse
2627 3290 2763 3359 falli,
2793 3305 2902 3346 non
2920 3277 3081 3360 posse
3103 3288 3265 3343 mori.
3285 3285 3442 3342 Unde

1854 3388 2193 3461 Augustinus
2216 3388 2271 3441 in
2297 3387 2438 3442 libro
2460 3402 2493 3441 v
2514 3384 2592 3440 De
2614 3385 2827 3439 civitate
2842 3382 2940 3438 Dei
2965 3384 3106 3455 (cap.
3127 3381 3214 3448 10,
3228 3378 3366 3452 Opp.
3397 3389 3437 3436 t.

1855 3480 1991 3548 Vlll,
2015 3498 2137 3553 pag.
2170 3480 2326 3553 125):
2357 3478 2446 3534 Sic
2481 3479 2621 3533 enim
2648 3476 2745 3533 hoc
2769 3476 2895 3549 (non
2921 3474 3104 3547 posse)
3128 3475 3350 3540 dicitur,
3382 3483 3443 3527 ut

1854 3577 2052 3647 potius,
2076 3575 2122 3628 si
2142 3582 2337 3645 posset,
2368 3572 2589 3627 minoris
2605 3571 2782 3642 utique
2802 3571 3082 3641 potestatis
3104 3578 3258 3623 esset.
3285 3566 3443 3622 Recte

1855 3669 2035 3740 itaque
2048 3669 2375 3738 omnipotens
2406 3666 2628 3733 dicitur,
2655 3665 2745 3736 qui
2763 3673 2938 3718 tamen
2951 3663 3084 3717 mori
3102 3661 3323 3734 fallique
3339 3676 3443 3715 non

1856 3770 2057 3833 potest;
2097 3761 2299 3815 dicitur
2334 3761 2474 3814 enim
2505 3759 2853 3829 omnipotens,
2882 3756 3124 3828 faciendo
3145 3756 3285 3828 quod
3308 3756 3441 3824 vult,

1858 3869 1963 3907 non
1985 3844 2245 3925 patiendo
2285 3853 2423 3923 quod
2454 3868 2559 3905 non
2601 3851 2744 3916 vult;
2776 3851 2914 3922 quod
2954 3852 3002 3905 si
3050 3851 3100 3904 ei
3147 3849 3440 3918 accideret,

1857 3947 2185 4015 omnipotens
2235 3960 2563 4015 nequaquam
2595 3950 2747 3998 esset.
2788 3941 2935 3995 Unde
2974 3950 3252 4013 propterea
3299 3959 3444 4013 qua:-

1859 4040 1985 4092 dam
2009 4054 2111 4091 non
2133 4046 2325 4107 potest,
2354 4037 2481 4107 quia
2511 4036 2837 4106 omnipotens
2869 4037 2966 4089 est.
2999 4033 3089 4089 Sic
3133 4035 3319 4104 utique
3342 4050 3446 4089 nec

1860 4130 2145 4186 rationalis
2161 4137 2429 4184 creaturae
2452 4134 2700 4199 potestas
2724 4126 2781 4180 in
2811 4134 3016 4181 aeterna
3037 4126 3150 4181 vita
3173 4126 3444 4180 minuitur

1862 4230 1958 4286 sed
1988 4237 2239 4299 augetur,
2267 4243 2393 4283 cum
2421 4227 2639 4298 penitus
2678 4226 2913 4298 plurima
2944 4226 3018 4280 ibi
3065 4239 3174 4279 non
3221 4230 3442 4294 posset;

1862 4339 1986 4395 qua:
2013 4327 2198 4389 tamen
2223 4321 2280 4376 in
2302 4321 2409 4377 hac
2431 4321 2544 4376 vita
2572 4320 2777 4392 degens
2796 4317 3201 4393 evidentissme
3242 4317 3439 4388 potuit.

169 4405 463 4492 ηοέεηιίιιξ
495 4438 660 4493 etiam
684 4438 825 4493 hanc
856 4405 1073 4509 (1:10tu
1096 4452 1319 4492 causam
1356 4405 1603 4502 διιέηάίι,
1634 4450 1765 4490 cum
1792 4446 1836 4500 Β
1863 4416 2047 4509 Potuit
2069 4414 2269 4470 etenim
2288 4413 2522 4479 esurire,
2551 4411 2727 4477 sitire,
2751 4409 3053 4480 corrumpi,
3080 4408 3285 4474 fallere,
3331 4405 3444 4461 falli

168 4525 442 4597 virginem
467 4541 498 4581 a
522 4527 806 4597 proposito
840 4528 1048 4598 lapsam
1083 4542 1191 4581 non
1215 4525 1412 4582 debere
1452 4524 1664 4580 admitti
1691 4524 1759 4578 ad

170 4616 557 4687 paenitentiam
588 4617 821 4672 dixerit?
859 4617 1130 4688 prmcipue
1178 4633 1304 4672 cum
1350 4617 1544 4673 addat:
1576 4605 1760 4682 Quan-

172 4710 270 4763 diu
299 4718 580 4778 corruptor
605 4710 716 4779 ejus
745 4710 955 4764 vixerit.
980 4707 1113 4764 Nam
1138 4725 1205 4765 eo
1236 4717 1477 4781 tempore
1524 4710 1760 4766 maxime

173 4802 294 4872 ejus
320 4800 597 4872 fragilitati
624 4803 924 4857 cavendum
965 4802 1069 4857 fuit
1126 4817 1191 4856 eo
1234 4803 1465 4869 vivente,
1492 4818 1618 4857 cum
1649 4818 1760 4873 quo

174 4893 445 4964 peccavit.
467 4891 565 4948 Est
591 4886 738 4948 enim
775 4893 1214 4959 usitatissimum,
1248 4902 1307 4947 ut
1329 4894 1579 4949 homines
1606 4892 1760 4950 facil-

176 4986 305 5042 lime
332 4986 401 5041 ad
421 5000 518 5043 eos
539 4985 784 5053 redeant,
808 4978 933 5041 com
982 4984 1183 5055 quibus
1226 4993 1350 5039 ante
1376 4986 1760 5056 peccaverant,

175 5079 461 5148 multoque
495 5078 723 5160 pronior
751 5087 833 5133 est
852 5080 1089 5132 humana
1106 5075 1368 5150 fragilitas
1402 5078 1468 5133 ad
1496 5079 1764 5136 usitatum
1869 5066 2068 5127 ibidem
2090 5064 2365 5142 ξκροδυὶι,

1859 4517 1913 4565 et
1932 4508 2039 4564 alia
2081 4505 2399 4578 hujusmodi
2442 4512 2729 4571 sexcenta;
2768 4518 2892 4575 quae
2943 4512 3126 4556 tamen
3159 4501 3214 4556 in
3240 4509 3443 4556 aeterna

1858 4600 1970 4655 vita
1995 4613 2105 4654 non
2125 4598 2345 4668 poterit,
2362 4606 2416 4652 et
2439 4597 2510 4651 ob
2530 4597 2636 4653 hoc
2657 4596 2822 4653 etiam
2855 4595 2931 4651 ibi
2955 4593 3234 4649 indubitat.
3244 4600 3327 4647 ter
3348 4606 3446 4661 po-

1839 4693 2062 4756 tentior
2087 4693 2218 4748 erit.
2249 4689 2388 4746 Nam
2440 4691 2571 4747 talia
2605 4691 2885 4747 hominem
2909 4702 3072 4759 posse
3105 4702 3218 4742 non
3240 4691 3325 4741 est
3343 4700 3443 4738 an—
3540 4672 3547 4679 ’

1860 4787 1970 4845 ctio
1995 4784 2305 4856 potestatis,
2338 4784 2432 4839 sed
2454 4784 2782 4841 certissima:
2803 4780 3067 4838 indicium
3089 4775 3443 4834 inﬁrmitatis.

1887 4894 1890 4903 λ
1936 4876 2106 4934 Verba
2141 4886 2323 4934 autem
2360 4875 2448 4930 illa
2497 4873 2556 4931 S.
2591 4873 2926 4947 Hieronymi,
2960 4873 3111 4941 quod
3146 4884 3255 4924 non
3277 4870 3455 4939 possit

1866 4969 2010 5027 Deus
2071 4971 2340 5045 virginem
2391 4976 2513 5038 post
2544 4968 2763 5024 ruinam
2818 4965 3177 5030 resuscitare,
3230 4961 3461 5031 ipsemet

2405 5078 2533 5119 cum
2579 5060 2904 5133 subiunxit:
2954 5056 3115 5116 Valet
3159 5055 3368 5129 quidem
3398 5056 3464 5111 de

2660 5154 2802 5188 ..ΛΙοο
2839 5165 3153 5188 ρηοθνλυηοηηι
3187 5165 3471 5188 mwnnnra-

1870 5178 2021 5188 “M“<-
2054 5164 2119 5188 121.
2138 5183 2181 5188 -.-
2194 5179 2276 5188 ---Α
2357 5158 2442 5188 αλλ
2501 5175 2605 5188 ειη..
