3986 5312
508 125 643 183 m1

1492 127 1585 180 AD
1618 125 1848 182 OPERA
1889 128 1945 183 S.
1988 128 2316 185 GREGORII
2355 128 2799 185 APPENDICES.

3668 131 3797 178 im

505 240 686 297 edocti
716 240 972 316 leguntur
993 241 1271 307 habuisse,
1295 252 1347 296 ct
1370 258 1493 297 cum
1520 242 1638 312 ipsa
1678 243 1745 299 ad
1769 243 2095 299 servandam
2128 249 2173 304 Α
2201 262 2344 312 mus,
2377 247 2471 317 qui
2499 244 2673 301 Deum
2704 252 2894 301 contra
2915 260 3070 300 suam
3096 243 3640 315 praedestinationem
3663 238 3801 294 face-

508 336 878 410 virginitatem
926 336 983 392 S.
1036 335 1367 392 Domitillam
1426 336 1718 393 Domitiani
1755 339 2103 410 imperatoris

508 436 726 498 neptem
751 427 1041 493 incitasse;
1068 427 1324 483 dixerunt
1347 428 1490 483 enim
1515 429 1790 502 illia-H7}
1820 448 1832 484 :
1866 452 1883 483 ι
1914 431 2100 504 Virgo,

508 516 559 572 si
582 517 949 590 virginitatem
982 518 1298 587 perdiderit,
1332 519 1498 590 hujus
1529 530 1741 576 reatum
1788 538 1887 593 per
1923 525 2102 594 pumi-

507 608 734 664 tentiam
794 607 1025 663 evadere
1087 617 1289 679 potest,
1344 610 1518 681 ipsam
1564 627 1695 666 vero
1738 613 2102 683 virginitatem

507 701 735 772 adipisci
764 716 1112 772 nequaquam
1140 703 1315 770 valet;
1354 704 1534 760 omnis
1574 722 1813 775 namque
1840 707 2104 763 sanctitas

506 792 751 863 quolibet
778 792 943 849 modo
999 794 1322 865 amissa-per
1366 796 1742 865 pmnitentiam
1792 799 2105 869 recuperari

506 894 716 957 potest;
752 887 872 942 sola
916 901 1049 942 vero
1100 887 1409 958 virginitas,
1457 889 1502 944 si
1556 891 1723 945 semel
1755 892 1996 961 perierit,
2035 891 2104 947 ad

509 979 753 1048 pristina:
785 981 1114 1053 integritatis
1148 983 1498 1040 stabilitatem
1546 985 1849 1056 pertingere
1872 1002 1978 1040 non
2005 1003 2104 1041 va-

507 1069 658 1124 lebit.
710 1092 728 1122 »
773 1069 862 1126 Sic
889 1088 1020 1143 ergo
1045 1075 1478 1131 etnobistutum
1528 1084 1631 1143 est,
1673 1086 1731 1131 ut
1777 1077 2102 1132 sententiam

509 1161 925 1238 S‘.llieronymi
958 1166 1402 1241 interpretemur,
1457 1186 1523 1225 ne
1544 1170 1589 1223 si
1649 1170 1779 1241 quid
1822 1170 2103 1241 indignum

504 1255 574 1311 de
607 1256 713 1311 illo
729 1257 1079 1330 interpretari
1111 1276 1396 1327 conemur,
1451 1278 1558 1316 nun
1589 1273 1695 1316 tam
1749 1262 1868 1330 ejus
1917 1275 2106 1318 aucto—

504 1344 748 1414 ritatem,
782 1363 952 1420 quam
1002 1358 1248 1406 nostram
1287 1352 1597 1408 tarditatem
1651 1352 1916 1409 infamare
1953 1353 2105 1425 judi-

510 1454 723 1511 nentur.

579 1527 672 1585 ωε.
709 1527 806 1586 Est
824 1542 1005 1587 autem
1042 1534 1200 1590 nobis
1225 1550 1573 1607 summopere
1595 1538 2015 1607 providendum,
2049 1549 2108 1593 ut

2206 353 2266 393 re
2300 353 2410 393 non
2439 354 2603 409 posse
2626 337 2783 405 dixit,
2820 336 2913 408 qui
2957 336 3199 407 seipsnm
3226 350 3428 408 negare
3462 350 3578 389 non
3604 342 3799 403 potest,

2170 422 2259 484 'in
2285 446 2417 509 quo
2453 430 2610 501 juxta
2653 431 2977 501 Apostolum
3021 445 3130 484 non
3175 437 3262 484 est
3305 444 3406 485 esr
3444 436 3504 483 et
3536 441 3670 490 nos,
3712 426 3805 482 sed

2207 534 2422 591 semper
2450 530 2534 576 est
2559 537 2656 575 ssr
2687 519 2775 593 (II
2802 519 2926 576 Cor.
2966 521 3029 592 ι).

2277 611 2344 667 Χ.
2375 611 2508 667 illud
2543 621 2725 667 autem
2772 611 2905 668 satis
2943 611 3347 677 admirandum,
3379 627 3485 667 cur
3515 617 3809 680 tantopere

2204 702 2444 775 virgines
2474 702 2768 776 sacrilegas
2788 703 2972 774 lapsas
3006 703 3059 757 in
3086 702 3312 774 gradum
3354 718 3522 758 suum
3554 703 3811 757 revocari

2206 811 2316 849 non
2353 810 2515 865 posse
2549 796 2965 861 contendamus,
2986 804 3042 850 et
3061 811 3220 851 veras
3253 796 3449 851 viduas
3481 804 3538 850 et
3564 795 3807 866 legitime

2206 889 2526 959 conjugatas
2561 888 2616 942 in
2640 888 2756 943 suis
2786 889 3047 960 gradibus
3093 904 3375 944 remanere
3416 888 3703 958 patienter
3726 885 3809 943 fe.

2206 996 2414 1047 ramus,
2461 996 2587 1035 cum
2629 980 2732 1046 lue,
2779 981 2935 1051 juxta
2981 980 3326 1051 Apostolum,
3387 982 3444 1035 in
3497 981 3809 1036 amissione

2204 1074 2533 1146 virginitatis
2559 1089 2666 1129 non
2694 1083 2905 1129 tantum
2953 1074 3295 1145 peccaverint
3322 1075 3468 1130 sicut
3518 1075 3651 1140 illzc,
3682 1091 3803 1146 qua

2208 1183 2307 1238 pro
2337 1167 2712 1240 magnitudine
2743 1167 2951 1238 peccati
2987 1166 3053 1222 ad
3095 1168 3474 1238 paenitentiam
3533 1183 3650 1222 non
3693 1183 3803 1223 me-

2209 1269 2441 1315 ruerunt
2463 1259 2694 1315 admitti.
2736 1259 3133 1316 Sanctissimns
3174 1275 3312 1331 papa
3350 1258 3462 1314 Leo
3489 1260 3806 1315 indecretis

2209 1352 2325 1410 suis
2350 1350 2589 1424 capitulo
2610 1354 2678 1408 49
2695 1353 2869 1425 (epist.
2889 1353 2978 1418 87,
3002 1369 3056 1407 n.
3088 1352 3151 1421 5;
3179 1351 3342 1407 Lana.
3371 1359 3411 1406 t.
3431 1350 3526 1417 111,
3553 1368 3609 1422 p.
3646 1352 3811 1421 {394}

2209 1454 2564 1515 protestatur,
2591 1445 2738 1517 quod
2762 1462 2860 1502 nec
2891 1446 2996 1502 illa:
3024 1445 3282 1518 virgines,
3307 1459 3432 1515 qua:
3458 1445 3809 1499 barbaricam

2210 1537 2321 1593 vim
2345 1555 2573 1609 corpore
2598 1540 2809 1594 tantum
2838 1554 2947 1592 non
2971 1538 3159 1593 animo
3187 1546 3314 1594 sunt
3345 1552 3651 1608 perpessas,
3696 1552 3811 1608 pcr-

506 1619 576 1675 de
607 1620 952 1691 reparatione
968 1623 1304 1694 virginitatis
1332 1636 1442 1681 tam
1489 1629 1768 1683 moderate
1806 1629 2106 1684 contenda-
2140 1633 2185 1689 Β
2210 1632 2589 1687 scverantibus
2613 1630 2915 1703 virginibus
2942 1630 3053 1686 ullo
3079 1631 3243 1685 modo
3272 1637 3407 1685 sunt
3432 1645 3810 1684 annumeran-

462 1735 473 1738 ο
507 1726 657 1778 usus,
697 1727 766 1768 nc
794 1713 988 1769 viduas
1013 1723 1069 1770 et
1091 1715 1434 1789 conjugatas,
1460 1717 1574 1773 sive
1608 1719 1880 1789 quaslibet
1911 1735 2105 1775 corru-

506 1811 652 1875 ptas,
681 1803 817 1876 ipsis
858 1806 1165 1877 virginibus
1216 1810 1518 1865 secundum
1549 1810 1798 1866 Inercsim
1833 1810 2108 1866 .loviniani

510 1894 803 1968 adteqnare
829 1899 1135 1955 videamur.
1194 1899 1329 1956 Nam
1363 1903 1466 1958 hoc
1509 1903 1778 1959 catholica
1824 1903 1956 1960 Iides
2000 1920 2107 1958 non

510 1989 770 2056 admittit,
810 2008 934 2071 qua:
973 1993 1128 2064 juxta
1170 1995 1540 2065 evangelicum
1586 1996 1967 2051 auctoritatem
2011 1998 2114 2052 hos

511 2081 719 2152 gradus
738 2083 812 2139 ita
835 2085 1160 2143 distributos
1187 2088 1358 2155 novit,
1387 2097 1446 2143 ut
1471 2088 1779 2160 conjngalis
1801 2089 2115 2160 trigesimns

516 2182 728 2230 tantum
778 2176 1011 2246 fructus,
1047 2181 1462 2237 continentibus
1519 2198 1649 2237 vero
1704 2183 2110 2254 sexagesimus,

513 2263 652 2332 ipsis
686 2281 817 2323 vero
853 2269 1161 2341 virginibus
1210 2271 1519 2327 ascribatur
1541 2271 1895 2328 centesimus.
1923 2270 1988 2326 Et
2010 2273 2115 2329 hoc

515 2355 710 2427 utique
732 2358 993 2417 divinitus
1028 2362 1098 2417 ab
1127 2362 1282 2417 initio
1307 2363 1378 2418 ita
1408 2363 1853 2434 prtedcstinatum
1877 2379 1985 2418 non
2012 2364 2114 2419 du-

514 2447 789 2520 bitamus;
823 2455 968 2510 unde
994 2465 1048 2509 ct
1073 2454 1133 2509 Β.
1164 2454 1493 2530 Hieronymo
1515 2456 1569 2511 in
1598 2456 1703 2513 hoc
1738 2472 1930 2527 parere
1951 2456 2114 2512 debe-

590 2610 774 2684 (ψη)
811 2613 1232 2672 Πίυοιιτιιιυηιιιι·
1257 2616 1312 2672 in
1342 2634 1532 2672 eorum
1576 2616 1699 2671 Vita
1745 2617 1812 2672 ad
1866 2616 1934 2670 i2
1972 2615 2119 2684 Maii,

518 2691 557 2737 ι.
582 2681 955 2758 Bllio—Hand”
983 2704 1102 2758 pag.
1140 2688 1189 2742 '7.

593 2754 779 2829 (i148)
817 2754 1259 2814 llattd'vidcnlur
1289 2760 1450 2813 verba
1489 2758 1689 2814 Leonis
1714 2758 1965 2814 eamdem
2011 2774 2157 2829 prae.

521 2840 583 2882 ιε
606 2823 767 2884 ferre
801 2829 1165 2895 severitatem,
1196 2832 1414 2903 qualem
1446 2831 1555 2886 illis
1594 2831 1843 2886 attribuit
1888 2823 2121 2896 auctor;
2154 2896 2155 2899 η

516 2952 1232 2983 W

2206 1724 2288 1779 die
2301 1723 2319 1795 (
2332 1724 2349 1777 ι
2364 1724 2646 1794 “8)juxta
2660 1724 2789 1779 illud
2805 1723 3179 1795 propheticum
3197 1742 3211 1777 :
3228 1721 3384 1793 Virgo
3403 1720 3586 1777 Israel
3595 1723 3811 1783 cecidit,

2210 1833 2312 1871 non
2344 1828 2443 1881 est,
2496 1817 2586 1887 qui
2627 1818 2897 1871 rcsuscitct
2939 1816 3091 1870 itlam
3145 1814 3327 1885 (Amos
3358 1814 3436 1887 v).
3486 1812 3607 1869 Hoc
3654 1814 3815 1884 plane

2215 1907 2314 1963 SS.
2342 1908 2530 1964 Patres
2556 1909 2860 1981 virginibus
2883 1909 3069 1980 lapsis,
3092 1917 3145 1963 ct
3163 1923 3262 1978 pro
3290 1916 3520 1979 peccato
3544 1922 3651 1962 suo
3674 1904 3815 1960 intra

2215 2003 2500 2059 maritatas
2528 2001 2801 2072 deputatis
2840 2001 3083 2057 suilicere
3104 2000 3414 2064 voluerunt,
3448 1999 3499 2055 si
3555 2013 3658 2068 per
3700 2011 3816 2068 pm-

2218 2096 2503 2151 nitcntiam
2533 2105 2587 2149 et
2634 2094 2766 2165 ipsis
2805 2093 3043 2164 legitime
3092 2092 3398 2165 coniugatis
3446 2088 3726 2162 praeferri,
3760 2098 3815 2145 et

2213 2188 2357 2244 veris
2392 2188 2570 2243 viduis
2599 2187 2714 2242 sive
2770 2186 3175 2241 continentibus
3222 2185 3562 2256 quandoque
3600 2198 3813 2238 meme-

2214 2290 2345 2335 rnnt
2366 2278 2650 2334 associari.
2684 2277 3137 2350 Suiliciatergoct
3159 2277 3265 2331 boc
3290 2276 3479 2341 nobis,
3517 2291 3625 2330 nec
3652 2274 3815 2328 libeat

2212 2388 2457 2443 eousque
2478 2370 2809 2441 disputando
2835 2370 3144 2441 procedere,
3177 2378 3237 2423 ut
3262 2368 3538 2424 terminos
3566 2366 3675 2422 SS.
3709 2366 3809 2421 Pa—

2217 2474 2361 2521 trum
2385 2463 2570 2535 aliqno
2595 2463 2760 2518 modo
2789 2472 3040 2518 notemur
3073 2462 3356 2517 excedere.

2221 2623 2296 2677 ita
2323 2623 2470 2677 enim
2506 2622 2710 2676 habent
2740 2640 2753 2674 :
2786 2619 2910 2676 Illa:
2931 2629 3107 2674 autem
3149 2618 3370 2687 fantula:
3401 2617 3529 2682 Dei,
3554 2633 3679 2687 qua:
3698 2614 3797 2668 int!

2224 2695 2470 2761 gritatem
2499 2692 2718 2761 pudoris
2759 2692 3088 2761 oppressione
3137 2687 3419 2743 barbarica
3464 2687 3806 2761 perdiderqu

2246 2756 2606 2819 audabiliores
2629 2756 2862 2817 amnt-in
2891 2760 3191 2815 humilitate
3226 2776 3287 2813 ac
3330 2756 3678 2821 verecundia,
3704 2756 3751 2809 si
3780 2772 3804 2808 ε

2226 2835 2664 2889 incontaminatis
2687 2850 2789 2887 non
2812 2833 3044 2887 audeant
3073 2846 3381 2901 comparare
3392 2827 3813 2899 virginibus,etc

1246 2942 3808 2985 mw.

855 3098 1004 3190 DE
1076 3097 1901 3192 SACRAMENTIS
1971 3092 2766 3225 MORIENTIUM
2838 3087 3521 3181 INFANTUM.

2040 3263 2311 3327 ALIUS.

1969 3518 2376 3603 MONITUM.

593 3674 710 3734 Vox
742 3675 883 3730 alius
914 3673 1004 3730 hic
1030 3673 1312 3744 przemissa
1339 3672 1617 3729 diversum
1648 3687 1679 3726 a
1711 3668 1987 3744 _B_ernaldp_
2031 3673 2310 3744 auctorem
2347 3663 2584 3744 videtur
2603 3662 2867 3742 innuere_,
2897 3659 3001 3717 etsi
3042 3657 3369 3739 tractatulus
3408 3656 3501 3713 hic
3537 3656 3671 3711 satis

525 3747 739 3805 dicendi
763 3746 978 3818 generi
1007 3734 1294 3818 congruat,
1343 3744 1647 3818 saltemqne
1676 3734 2367 3818 eillcmhcollectori.tribui
2386 3742 2612 3818 queant,
2649 3746 2801 3818 quos
2845 3734 2916 3818 in.
2946 3745 3108 3814 usum
3160 3734 3470 3784 amicorum
3500 3741 3727 3782 suorum
3751 3738 3811 3780 se

524 3800 866 3891 congessisse
898 3800 1038 3871 infra
1074 3800 1183 3870 ηῗῶ
1214 3800 1432 3870 fatetur.
1461 3800 1651 3883 Potest
1671 3827 1802 3868 vero
1832 3810 1922 3865 illa
1953 3824 2085 3865 voce
2107 3806 2272 3863 etiam
2299 3800 2442 3862 alius
2469 3800 2735 3861 tractatus
2758 3800 3029 3860 denotari.

596 4042 637 4098 ι.
679 4042 736 4098 Si
764 4042 888 4114 quis
922 4042 1211 4113 parvulum
1247 4040 1460 4097 noviter
1505 4040 1867 4111 baptizatum,
1903 4036 1999 4092 sed
2026 4035 2113 4090 in-
2136 4036 2185 4113 AC
2216 4028 2342 4101 610)
2376 4049 2391 4085 :
2430 4027 2687 4098 Excepto,
2711 4027 2910 4097 inquit,
2941 4041 3045 4079 uno
3073 4022 3386 4089 mediatore,
3424 4029 3479 4076 et
3522 4029 3642 4092 post
3664 4019 3808 4075 lare-

525 4135 786 4193 tirmitate
810 4144 1145 4206 correptum.
1188 4135 1309 4190 oleo
1364 4142 1558 4189 sancto
1611 4146 1815 4204 ungere
1859 4129 2116 4195 voluerit,

524 4244 638 4285 non
693 4242 918 4285 necesse
951 4226 1173 4282 habebit
1224 4237 1284 4281 ut
1315 4235 1492 4281 totum
1547 4222 1823 4280 unctionis
1880 4220 2118 4277 oﬂicium

524 4321 740 4385 recitet,
768 4329 822 4375 et
851 4320 1079 4375 minimc
1106 4319 1229 4374 illas
1251 4318 1551 4383 orationes,
1580 4332 1705 4388 quae
1738 4316 1807 4372 de
1833 4313 2119 4371 remissio-

525 4429 597 4471 ne
625 4421 975 4486 peccatorum
1007 4426 1168 4483 agere
1194 4411 1470 4467 videntur.
1511 4409 1648 4466 Nam
1682 4409 1818 4464 ﬁdes
1849 4406 2121 4464 catholica

526 4509 633 4563 hoc
656 4506 841 4571 habet,
873 4514 934 4560 ut
962 4503 1226 4576 parvulus
1251 4503 1465 4559 noviter
1492 4502 1799 4573 baptizatus
1841 4500 2124 4557 remissio.

530 4616 656 4657 nem
681 4606 1025 4670 peccatorem
1059 4596 1339 4668 accepisse
1382 4595 1654 4653 credatur.
1705 4592 1910 4649 Contra
1956 4608 2121 4664 quam

526 4694 688 4749 tidem
717 4690 1092 4748 indubitanter
1124 4704 1435 4760 ageremus,
1463 4688 1508 4753 si
1542 4702 1640 4759 pro
1686 4687 1917 4759 parvulo
1960 4684 2123 4758 quasi

531 4783 777 4839 nondum
803 4782 1080 4847 absoluto,
1113 4791 1172 4836 ut
1190 4781 1583 4846 absolveretur,
1607 4794 1913 4845 orarcmus,
1936 4795 2123 4850 quem,

530 4874 782 4933 videlicet
811 4874 873 4953 Β.
923 4874 1266 4946 Augustinus
1321 4872 1440 4930 sine
1484 4882 1708 4945 peccato
1732 4887 1854 4930 esse
1895 4880 2126 4928 testatur

528 4968 676 5023 libro
691 4982 762 5021 xx
787 4966 866 5020 De
889 4966 1108 5020 civitate
1130 4964 1228 5020 Dei
1257 4966 1401 5038 (cap.
1442 4965 1535 5032 ‘26,
1569 4963 1708 5037 Opp.
1752 4975 1791 5019 t.
1829 4961 1967 5030 Vill,
1998 4979 2122 5036 pag.

606 5139 791 5209 (“59)
821 5120 1360 5211 Fuissehaiiqnando
1404 5142 1460 5199 in
1512 5159 1618 5198 usu
1668 5142 1811 5199 hanc
1852 5140 2123 5197 infantum

532 5211 875 5312 291⁵3ῗέἨᾶ
900 5209 1609 5312 $123935.ﬁi‘i‘ﬂi‘faWﬂﬂf
1626 5213 1967 5312 99323.93?
1993 5213 2123 5312 355333

2219 4139 2370 4177 crum
2402 4121 2814 4193 regenerationis
2852 4118 3141 4190 quibusque
3164 4114 3342 4169 adhuc
3369 4114 3636 4185 parvulis,
3669 4129 3811 4168 am

2219 4218 2447 4272 nnmdus
2468 4234 2501 4272 α
2522 4215 2696 4271 sorde.
2730 4212 2788 4269 Si
2814 4212 2940 4285 quis
2962 4227 3094 4283 ergo
3119 4209 3439 4280 huiusmodi
3464 4208 3711 4280 parvulis
3730 4209 3808 4262 in-

2220 4307 2958 4366 ﬁrmantibusministerium
2989 4303 3269 4360 unctionis
3322 4301 3510 4373 (H49)
3565 4300 3811 4356 adhibere

2219 4402 2471 4467 voluerit,
2497 4401 2619 4457 illas
2634 4399 2912 4455 orationes
2928 4404 3301 4467 competenter
3317 4393 3586 4449 adbibere
3600 4392 3807 4462 poterit,

2220 4512 2344 4567 qnze
2366 4496 2657 4551 sanitatem
2680 4493 2766 4548 vel
2790 4492 2958 4547 vitam
2983 4499 3240 4546 aeternam
3270 4486 3684 4542 inﬁrmantibus
3714 4499 3803 4539 ex-

2222 4597 2434 4660 optant,
2459 4604 2566 4643 non
2582 4588 2704 4643 illas
2734 4599 2858 4657 quae
2888 4580 3283 4654 paenitentibus
3299 4578 3699 4648 indulgentiam
3715 4577 3802 4629 im-

2218 4683 2459 4754 plorant.
2478 4679 2546 4736 Et
2557 4681 2799 4752 psalmos
2814 4677 3035 4750 quidem
3052 4674 3275 4731 nsuales
3288 4673 3358 4728 ad
3383 4671 3479 4742 huj
3488 4670 3704 4726 usmodi
3722 4685 3813 4724 un-

2223 4766 2456 4832 ctionem
2491 4766 3289 4845 satiscongruedicimus,quia
3302 4765 3356 4821 in
3370 4765 3483 4820 illis
3503 4779 3613 4819 vox
3637 4761 3811 4818 Et:er

2224 4869 2322 4924 site
2354 4883 2453 4940 pro
2486 4864 2820 4940 quibuslibet
2846 4861 3106 4920 membris
3144 4859 3264 4915 suis
3304 4856 3639 4930 generaliter
3663 4867 3812 4910 oram

2227 4957 2461 5015 videtur.

2228 5141 2335 5197 illis
2354 5138 2622 5211 loquitur,
2647 5137 2743 5210 qui
2763 5137 2886 5211 doli
2911 5135 2997 5192 vel
3036 5133 3648 5211 peccatijamneapaees
3670 5128 3806 5211 sunt.

2229 5220 2291 5289 ut
2320 5226 2384 5268 ex
2420 5201 2884 5289 consequEntibns
2915 5201 3077 5289 patet.
3105 5201 3683 5289 Quod'sialiquipl‘iyn

2229 5281 2402 5312 0...“...
2432 5289 2557 5312 ...ν-ορ
2584 5274 2744 5312 ,λιιι-η
2770 5274 2998 5312 mlininic
3020 5284 3293 5312 ιιηνιηνιιηο
3340 5275 3393 5312 id
3418 5274 3674 5312 conﬂati:
3694 5285 3810 5312 ΜΓ.
