3986 5312
471 265 610 318 127.75

1425 262 1516 316 AD
1554 261 1784 317 ῡΡΕΒΛ
1824 262 1881 317 S.
1924 261 2252 319 GliEGORll
2291 265 2742 322 APPENDICES.

3615 263 3746 318 1370

467 392 590 432 esse
613 377 1006 446 necessarium,
1047 387 1108 433 ut
1133 378 1317 432 omnia
1347 378 1404 432 in
1428 377 1548 448 ejus
1577 371 1844 448 obsequio
1864 377 2058 432 dican-
2089 382 2137 439 A
2162 379 2340 436 tiones
2369 379 2687 450 subjiciunt,
2720 395 2843 451 quae
2879 394 3054 434 annos
3082 377 3410 435 tuneritatis
3443 377 3756 448 praecedunt

467 479 580 535 tur,
603 485 725 540 qua:
773 469 829 524 in
875 470 1146 541 maiorum
1198 468 1670 526 commendatione
1719 479 2064 526 mortuorum

470 563 764 629 usitantur,
798 572 852 618 ct
877 563 982 618 illa:
1018 563 1245 620 minime
1279 563 1580 629 orationes,
1611 579 1734 634 quae
1759 563 2068 634 specialiter

469 663 640 725 agunt
673 655 742 712 de
766 664 1113 727 peccatorum
1138 656 1482 723 remissione,
1513 656 1662 711 sicut
1677 663 1734 710 et
1775 672 1944 727 supra
1967 673 2068 712 no-

470 747 708 803 tavimus
738 748 806 804 de
831 748 1106 804 unctione.
1137 747 1425 804 Credimus
1446 749 1592 804 enim
1621 749 1746 804 illos
1769 764 1801 803 a
1828 749 2068 819 peccatis

471 855 503 893 a
515 838 624 895 Deo
644 840 944 909 absolutos,
962 841 1091 896 utin
1117 841 1208 896 illa
1227 850 1386 898 aetate
1401 841 1449 897 si
1469 841 1792 907 moriantur,
1817 840 2066 898 certissi-

471 947 624 988 mum
643 931 802 988 nobis
829 933 897 988 sit
947 934 1096 1006 quod
1124 948 1222 989 nec
1250 933 1625 1005 purgatoriam
1649 947 1870 1002 poenam
1895 947 2061 1003 expc-

471 1023 702 1082 riantur.
721 1023 880 1082 Tales
907 1041 1036 1098 ergo
1061 1041 1188 1084 cum
1212 1017 1281 1082 ad
1310 1027 1682 1096 sepeliendum
1707 1023 2061 1090 deferuntur,

472 1114 698 1183 quidam
715 1117 850 1173 satis
877 1128 1036 1174 caute
1056 1118 1248 1176 usuale
1271 1118 1596 1188 obsequium
1623 1133 1736 1173 non
1756 1132 1824 1171 ex
1851 1116 2064 1187 integro

473 1203 683 1276 dicunt,
728 1210 823 1266 sed
863 1211 1106 1281 psalmos
1143 1219 1381 1276 tantum,
1405 1210 1610 1281 quibus
1644 1219 1756 1264 tres
1784 1209 1908 1264 illas
1946 1223 2071 1264 ora-

2167 489 2290 543 qme
2328 473 2580 528 videlicet
2595 511 2600 516 ς
2616 472 2899 530 orationes.
2936 471 3002 531 de
3043 469 3368 544 hujusmodi
3413 469 3756 526 absolutionc

2169 565 2306 620 nihil
2333 565 2586 622 videntur
2611 579 2772 636 agere
2797 582 2811 631 ;
2845 563 2931 620 sic.
2947 563 3095 620 enim
3123 570 3181 618 et
3206 563 3433 618 honeste
3447 561 3582 616 illos
3605 575 3754 630 sepe-

2167 655 2354 722 limus,
2417 671 2518 712 nec
2571 655 2780 726 aliquid
2831 662 3016 710 tamen
3062 662 3258 710 contra
3297 653 3460 709 fidem
3513 662 3756 713 nostram

2167 749 2445 819 postulare
2473 749 2742 808 videmur.
2777 747 2906 806 Hoc
2932 758 3114 806 autem
3154 765 3396 808 canones
3435 749 3762 821 generaliter

2167 841 2509 912 praecipiunt,
2534 849 2596 898 ut
2626 857 2856 912 corpora
2883 841 3267 905 defunctorum
3293 858 3422 898 eum
3442 841 3680 913 psalmis
3698 842 3761 898 ad

2171 931 2509 1004 sepulturam
2538 932 2878 990 deducantur
2903 952 2917 988 :
2951 941 3007 990 et
3044 933 3150 992 hoc
3167 933 3310 993 satis
3333 949 3610 1006 congrue,
3637 935 3762 1005 quia

2170 1024 2227 1080 in
2255 1023 2362 1080 illis
2391 1040 2498 1082 vox
2526 1023 2786 1082 Ecclesiae
2805 1041 2906 1096 pro
2937 1025 3196 1082 omnibus
3217 1025 3488 1085 membris
3510 1025 3634 1084 suis
3660 1039 3764 1080 non

2175 1115 2456 1172 dubitatur
2475 1130 2654 1174 orare.

3371 1343 3455 1360 7.7
3461 1349 3474 1359 -
3745 1359 3752 1364 Ι

1209 1505 2000 1634 BEBNOLDI
2095 1461 3047 1631 CHRONICON.

1267 1727 1492 1803 (Psn'rz,
1528 1727 1765 1783 Monum.
1799 1725 1974 1782 Germ.
2013 1725 2145 1780 hist.
2179 1721 2377 1795 Script.
2410 1735 2546 1780 tom.
2579 1721 2645 1790 V,
2674 1739 2800 1796 pag.
2827 1723 2986 1794 585.)

1929 1867 2178 1877 _.__—.—-——

2183 1866 2349 1876 —.———-——

1465 2005 2186 2086 OBSERVATION
2203 2003 2312 2082 ES
2371 2001 2824 2085 PRfEVl/E.

546 2163 697 2220 inter
714 2163 954 2233 reliquas
983 2161 1284 2234 superioris
1303 2160 1613 2218 Germanize
1636 2161 1904 2218 dimceses
1921 2159 2072 2220 (Ξου-
2100 2167 2142 2222 Β
2165 2159 2476 2232 judicandae
2493 2167 2706 2226 essent,
2726 2157 3034 2216 Bernoldus
3057 2156 3302 2216 fontibus
3329 2157 3582 2214 historiae
3608 2160 3780 2218 coelo.

479 2256 800 2312 stantiensis
830 2255 1103 2326 praecipue
1142 2255 1440 2310 schismate
1469 2255 1620 2326 quod
1661 2254 1864 2310 saeculo
1905 2253 2079 2310 unde-

480 2350 632 2404 cimo
655 2357 892 2404 exeunte
916 2347 1208 2418 imperium
1238 2355 1295 2403 et
1324 2345 1630 2403 Ecclesiam
1662 2346 1925 2402 laceravit
1958 2345 2077 2416 agi-

488 2447 621 2506 tata,
652 2441 972 2510 scriptorem
1013 2440 1184 2494 edidit
1219 2439 1315 2510 qui
1356 2455 1444 2495 res
1480 2454 1584 2495 suo
1613 2447 1858 2510 tempore
1898 2446 2082 2509 gestas

483 2540 544 2585 et
565 2529 636 2587 ab
665 2533 786 2603 ipso
805 2531 924 2587 visu
951 2533 1208 2590 audituve
1235 2541 1520 2603 perceptas
1551 2531 1737 2604 (1155)
1768 2531 1836 2586 ad
1863 2531 2075 2587 laudem

481 2631 539 2676 ct
582 2621 812 2696 gloriam
854 2623 950 2678 Dei
988 2623 1239 2680 fidelibus
1275 2624 1605 2680 annuntiare
1643 2623 1902 2694 suscepit.
1948 2622 2080 2678 Ber-

484 2713 688 2770 noldus
707 2715 928 2785 juvenis
951 2714 1160 2787 (1156),
1204 2716 1392 2772 clerici
1421 2716 1723 2788 coniugati,
1753 2725 1815 2772 ut
1839 2715 2075 2782 videtur,

486 2807 633 2862 lilius
669 2806 878 2879 (1157),
911 2815 968 2863 et
1005 2807 1322 2865 Bernhardo
1358 2817 1688 2880 prmeeptore
1729 2809 1910 2881 (1158)
1951 2807 2078 2864 reli—

483 2899 647 2969 gione
673 2909 732 2956 et
748 2901 1033 2972 prudentia
1058 2903 1260 2976 insigni
1283 2905 1466 2976 (1159)
1499 2905 1554 2959 in
1583 2903 1786 2960 scholis
1806 2903 2079 2962 Consum-

486 2993 755 3052 ticnsihus
776 2995 1046 3062 eruditus,
1075 3006 1239 3069 atque
1262 2998 1318 3053 in
1342 2998 1696 3052 celeberrimo
1723 3009 1857 3054 tunc
1886 2995 2074 3052 Sanzti

489 3077 651 3138 Blasii
697 3083 952 3139 canobio
989 3085 1321 3141 monachum
1359 3085 1642 3156 professus
1682 3084 1890 3156 (1160),
1931 3100 2077 3140 anno

487 3183 610 3245 post
653 3174 912 3233 Carolum
964 3179 1282 3252 episeOpum
1339 3180 1711 3237 Simoniacum
1759 3179 1818 3236 in
1867 3181 2076 3252 synodo

485 3273 801 3356 Moguntina
815 3277 1126 3348 depositum
1149 3279 1358 3335 scilicet
1373 3277 1514 3334 1072
1527 3287 1760 3334 exeunte
1775 3286 1870 3333 aut
1886 3278 2078 3348 primis

485 3368 614 3422 anni
649 3367 786 3424 1075
828 3370 1134 3438 mensibus,
1171 3371 1446 3426 Chronica
1475 3386 1576 3427 sua
1605 3370 1828 3440 inempit
1872 3369 2076 3441 (1161),

487 3467 542 3512 ct
567 3459 712 3514 inter
739 3460 1096 3530 gravissimas
1127 3477 1312 3518 rerum
1340 3463 1542 3534 quibus
1576 3463 1840 3517 intererat
1864 3461 2079 3517 vicissi—

490 3549 705 3605 tudines
727 3567 824 3623 per
842 3551 1244 3624 duodetriginta
1275 3569 1451 3610 annos
1472 3554 1540 3608 ad
1560 3551 1869 3609 duodecimi
1894 3552 2080 3607 saaculi

491 3640 706 3695 initium
744 3657 920 3712 usque
965 3643 1208 3698 deduxit.
1259 3645 1610 3700 Bernhardus
1651 3651 1975 3715 praeceptor,
2021 3643 2078 3698 in

491 3747 655 3788 causa
699 3733 873 3788 sancti
909 3731 1056 3788 Petri
1097 3733 1556 3806 ferventissimus,
1590 3734 1920 3807 discipulum
1967 3750 2078 3791 non

491 3823 675 3880 minus
721 3823 1021 3881 ferventem
1065 3827 1450 3885 ecclesiasticae
1492 3829 1763 3886 libertatis
1805 3827 2078 3884 vindicem

489 3917 844 3974 enutriverat.
875 3917 1014 3980 Nam
1057 3935 1182 3975 cum
1228 3921 1360 3991 ipsa:
1400 3922 1734 3993 quaestiones
1769 3937 1893 3994 quae
1936 3919 2080 3976 inter

492 4009 780 4080 imperium
815 4018 869 4067 et
898 4010 1219 4080 Ecclesiam,
1247 4013 1389 4069 inter
1427 4013 1746 4087 Gregorium
1783 4023 1838 4070 et
1861 4012 2079 4068 Wiber-

494 4110 630 4168 tum,
659 4102 799 4158 inter
827 4102 1144 4160 Heinrieum
1182 4113 1237 4161 et
1265 4105 1620 4175 Ruodolfum,
1660 4122 1963 4176 eorumque
1990 4122 2080 4161 se-

492 4208 698 4264 quaces
723 4195 1091 4268 agitabantur,
1125 4213 1194 4254 ex
1227 4197 1354 4270 jure
1385 4199 1607 4271 publico
1625 4208 1683 4255 et
1704 4199 1970 4255 canonico
1995 4197 2080 4253 di-

2181 2251 2422 2308 siasticae
2445 2259 2502 2306 et
2520 2251 2695 2308 sacris
2711 2250 3018 2307 canonibus
3036 2249 3324 2320 diligenter
3340 2249 3611 2319 evolutis.
3633 2261 3776 2310 totus

2182 2343 2238 2400 in
2267 2343 2515 2415 Gregorii
2551 2342 2646 2398 VII
2673 2351 2858 2400 castra
2895 2341 3134 2410 transiit,
3169 2350 3228 2397 et
3267 2341 3582 2398 acerrimus
3609 2342 3777 2400 dein-

2181 2451 2311 2507 ceps
2363 2435 2709 2494 decretorum
2751 2435 2872 2507 ejus
2920 2443 3113 2492 contra
3164 2433 3536 2500 Simouiacos,
3588 2444 3778 2490 contra

2181 2527 2414 2584 clericos
2449 2527 2854 2584 incontinentes
2893 2535 2948 2582 et
2989 2527 3346 2582 investituras
3385 2525 3663 2581 laicorum
3689 2524 3779 2580 de-

2182 2620 2367 2676 fensor
2410 2628 2466 2676 et
2516 2628 2890 2690 propugnator
2937 2618 3170 2674 exstitit.
3221 2616 3410 2673 Talem
3453 2632 3556 2688 per
3607 2625 3776 2674 totum

2179 2711 2579 2768 Chronicorum
2604 2711 2898 2780 decursum
2932 2711 3324 2782 conspicimus,
3359 2711 3526 2766 talem
3568 2726 3632 2768 se
3667 2721 3778 2766 tum

2181 2807 2302 2864 aliis
2344 2807 2531 2864 multis
2567 2806 2809 2877 scriptis,
2855 2813 2973 2862 tum
3020 2807 3189 2862 verbo
3223 2815 3282 2862 et
3309 2804 3458 2862 iacto
3501 2807 3776 2862 exhibuit.

2179 2895 2316 2956 Nam
2338 2913 2484 2952 anno
2499 2896 2656 2965 1076,
2673 2897 2914 2970 dictante
2933 2896 3117 2969 (1162)
3138 2896 3434 2952 Adalberto
3453 2897 3786 2970 presbytero

2178 2997 2234 3044 et
2285 2988 2555 3044 monacho
2600 2988 2862 3059 epistolas
2911 2989 2979 3044 ad
3028 2988 3360 3058 discipulum
3421 2988 3550 3058 ejus
3595 2988 3778 3058 (1163)

2180 3083 2558 3141 Bernhardum
2622 3094 3013 3156 praeceptorem
3083 3100 3246 3141 suum
3303 3085 3370 3140 de
3424 3084 3778 3139 damnatione

2180 3178 2660 3236 schismaticorum
2693 3178 2914 3248 scripsit
2951 3176 3158 3252 (1161),
3190 3187 3354 3248 atque
3382 3193 3516 3234 cum
3543 3157 3776 3235 Albo.in

2179 3274 2499 3346 presbytero
2527 3273 2944 3332 Constantiensi
2979 3289 3222 3344 praesens
3245 3281 3302 3329 et
3337 3287 3438 3343 per
3471 3273 3690 3328 litteras
3713 3273 3780 3328 de

2181 3363 2576 3420 incontinentia
2605 3363 2935 3421 clericorum
2961 3365 3264 3435 diSputavit
3291 3364 3510 3436 (1165);
3544 3381 3598 3421 a.
3645 3365 3777 3420 1077

2181 3458 2582 3529 apologcticum
2609 3471 2710 3528 pro
2738 3457 2974 3514 decretis
2995 3456 3244 3530 Gregorii
3273 3455 3366 3510 Vll
3389 3457 3662 3514 adversus
3691 3457 3774 3512 Si-

2183 3553 2468 3609 moniacos
2503 3561 2560 3608 ct
2597 3551 3000 3608 incontinentes
3037 3551 3256 3623 scripsit
3295 3550 3502 3622 (1106).
3553 3551 3776 3606 Biennio

2185 3651 2311 3716 post
2331 3643 2593 3702 Romanae
2613 3644 2824 3716 synodo
2851 3652 3044 3700 contra
3071 3642 3463 3714 Berengarium
3492 3640 3778 3710 Turonen-

2187 3753 2302 3794 sem
2337 3737 2536 3793 habitae
2577 3727 2844 3804 interfuit,
2881 3745 2936 3792 et
2973 3735 3361 3807 Berengarium
3397 3734 3456 3789 in
3486 3735 3670 3790 media
3693 3752 3774 3806 sy-

2188 3829 2332 3884 nodo
2363 3829 2748 3897 constitutum,
2779 3829 3142 3900 hmresimque
3173 3827 3240 3884 de
3279 3843 3515 3898 corpore
3565 3827 3774 3883 Domini

2185 3921 2421 3992 propriae
2445 3937 2643 3976 manus
2671 3929 3017 3976 sacramento
3043 3920 3385 3975 abdicantem
3411 3919 3554 3974 vidit
3575 3919 3778 3992 (1167).

2187 4013 2437 4083 Cumque
2461 4015 2571 4084 jam
2601 4021 2760 4068 antea
2801 4013 3022 4069 familiae
3052 3998 3518 4069 Bertholdi'dncis
3543 4013 3774 4069 admira-

2187 4105 2336 4174 tione
2375 4103 2672 4161 llermanni
2713 4105 2806 4160 ﬁlii
2853 4107 2973 4176 ejus
3019 4106 3348 4177 conjunctus
3385 4114 3536 4162 esset
3575 4105 3772 4176 (1168),

2186 4211 2332 4252 anno
2377 4197 2516 4252 1084
2545 4198 2600 4252 in
2641 4197 2935 4254 festivitate
2974 4197 3152 4254 sancti
3184 4196 3413 4253 Thema:
3441 4214 3572 4254 eum
3613 4197 3776 4254 Gebe-

2005 4287 2239 4346 NOTAE.

483 4429 489 4436 _
595 4374 728 4430 1155
787 4371 1000 4431 Chron.
1035 4393 1086 4432 a.
1123 4375 1280 4433 1086.

565 4373 749 4516 $1156}
787 4445 852 4500 Α.
881 4445 1037 4514 1076,
1074 4457 1270 4516 optata:

597 4443 748 4515 1156)
787 4445 852 4500 Α.
881 4445 1037 4530 1076,
1074 4457 1270 4530 optata:
1303 4447 1499 4532 indolis
1545 4448 2082 4577 liernQIdelroscule

598 4531 750 4578 rans,
807 4524 924 4571 tum
985 4526 1124 4578 tiro.
1178 4535 1388 4578 juvenis
1453 4520 1625 4578 audit.
1680 4521 1765 4577 Cf.
1877 4540 2075 4578 sserm.

493 4531 761 4588 cernens,
807 4524 950 4588 tun},
978 4517 1147 4588 tiro,
1177 4518 1388 4588 juvenis
1453 4520 1625 4578 audit.
1680 4521 1765 4577 Cf.

493 4540 761 4638 reruunsi
810 4540 924 4571 tum
985 4540 1124 4584 ura,
1177 4540 1388 4588 Juvents
1453 4540 1625 4578 autut.
1680 4540 1765 4577 bl.
1831 4540 2075 4580 usserm.

477 4584 748 4711 'P‘ﬁ‘l'sv‘)
767 4602 870 4711 ἰεξ
891 4587 1174 4711 ἒίξίη
1199 4589 1326 4644 ω’

589 4655 748 4728 us?)
787 4655 866 4728 εδ.
891 4673 945 4728 ρ.
974 4657 1101 4728 248,.

589 4724 744 4797 uss)
787 4724 864 4797 ll).
893 4724 954 4797 ‘p.
985 4726 1110 4784 250.

566 4795 750 4866 (1159)
787 4795 993 4866 Chron.
1019 4815 1070 4852 a.
1103 4797 1239 4854 1088
1265 4807 1320 4855 et
1341 4798 1553 4856 Necrol.

569 4865 752 4947 (1160)
789 4865 1038 4947 Quonam
1082 4871 1376 4947 annoﬂl‘ioc
1411 4871 1626 4947 factum.
1655 4873 1730 4947 _s_i_t
1745 4874 2074 4947 jgiioratur.

496 4934 894 5014 ljeugart,_ep._
911 4937 1188 5014 Const.,_p
1237 4939 1362 5014 501,
1393 4956 1537 4997 anno
1575 4942 1712 5000 1085
1745 4934 2078 5003 BErncldum

2188 4382 2340 4437 nuati
2366 4380 2697 4452 deprehendi
2724 4380 2880 4452 solet,
2896 4381 3116 4452 additos
3139 4388 3288 4452 patet
3305 4399 3318 4447 ;
3334 4451 3345 4452 ί
3359 4396 3536 4452 quare
3558 4381 3775 4436 Bel-nol-

2185 4451 2317 4508 dum
2355 4450 2497 4522 opus
2527 4466 2688 4505 suum
2725 4466 2778 4506 a.
2819 4450 2959 4522 1072
2999 4450 3232 4507 exeunte
3264 4451 3350 4522 vel
3379 4450 3530 4507 1073
3559 4453 3776 4522 ineunte

2185 4532 2312 4578 ante
2347 4521 2632 4593 acceptum
2663 4521 3184 4593 obitusuWideroldi
3211 4531 3266 4578 et
3297 4521 3601 4593 Alexandri
3632 4521 3696 4588 11,
3727 4531 3778 4577 et

2181 4591 2758 4664 electionisiGregorii
2801 4591 2894 4647 Vll
2945 4593 3195 4648 nuntium
3241 4592 3436 4648 iniisse
3476 4594 3776 4664 eodemque

2182 4679 2330 4720 anno
2373 4663 2514 4734 1075
2547 4663 2749 4719 εᾶειιει
2770 4678 2948 4734 usque
2968 4672 3234 4734 tempora
3273 4664 3607 4734 produxisse
3644 4663 3774 4734 con:

2173 4734 2327 4807 jicio.
2381 4731 2440 4790 In
2478 4734 2739 4807 chronicp
2773 4731 2930 4807 enim
2963 4731 3774 4807 Eideroldi'etAlexandri]!

2109 4793 2155 4848 Ῑ)
2173 4793 2370 4892 ’ριήιμε
2399 4821 2555 4892 aeque
2573 4821 2660 4892 ‘ac
2687 4804 2933 4892 Gregorii
2951 4802 3275 4892 inl‘etl‘ect-io
3304 4805 3486 4892 primo
3511 4805 3664 4892 styl’o‘
3684 4804 3774 4892 de-

2187 4876 2405 4960 bentur.
2435 4873 2732 4963 Catalogus
2755 4873 2918 4958 etiam
2921 4873 3579 5000 ⁸Ῐιοηιίίίςειξιη,ἰιὶκςοψιό
3603 4874 3772 4929 Chro-

2187 4963 2314 5000 nico
2343 4947 2582 5000 additus.
2625 4947 2875 5000 Creatori:
2969 4944 3013 5000 11
3049 4947 3374 5000 electrum
3405 4959 3588 5000 primo
3627 4949 3772 5000 aﬂa-

2186 4948 2314 5003 nico
2343 4945 2582 5010 additus,
2625 4944 2875 5008 Gregorii
2921 4944 3013 5000 VII
3049 4947 3374 5003 electionem
3405 4946 3588 5004 primo
3627 4949 3772 5001 ah-
