3986 5312
427 191 568 247 1279

1420 195 1512 250 AD
1547 195 1774 252 OPERA
1815 195 1873 252 S.
1915 193 2244 251 GEEGORII
2278 192 2722 248 APPENLmLa.

3577 183 3710 238 l280

428 308 644 374 toi-lus,
679 307 770 362 ubi
799 309 962 364 annis
993 307 1129 363 1041
1157 318 1211 364 et
1241 325 1359 380 sqq.
1393 311 1716 380 pontificum
1746 307 2019 366 Romano-
2045 312 2092 369 Α
2119 305 2258 361 1155
2287 303 2538 361 Ensdorll
2565 305 2908 374 conscriptos
2934 304 2988 358 in
3015 301 3338 357 bibliotheca
3371 300 3708 370 Argentora-

425 417 550 458 rum
598 411 780 472 partes
828 411 1036 470 tuetur;
1088 403 1179 459 sed
1228 404 1387 472 plane
1423 404 1530 459 alia
1561 403 1770 460 ratione
1799 405 1920 462 inde
1949 405 2017 460 ab

428 510 576 552 anno
606 495 746 551 1055
771 491 1032 566 procédit.
1089 495 1223 550 Nam
1255 497 1423 552 altera
1460 497 1584 554 libri
1625 507 1778 568 parte
1814 498 2017 554 nullius

428 588 587 644 ducis
617 588 840 659 vestigia
865 589 1027 660 legit;
1053 589 1273 659 adjutus
1292 599 1472 647 tamen
1501 592 1734 662 publicis
1762 591 2018 649 Ecclesiae

431 681 713 752 itnperiive
751 683 1141 751 monumentis,
1189 684 1432 756 epistolis
1480 685 1726 760 Gregorii
1767 685 1880 754 VII,
1931 703 2019 743 res

431 790 702 830 annorum
734 775 1049 832 1054-1072
1087 793 1200 834 uno
1244 787 1433 834 tenore
1481 779 1828 850 conscripsit,
1880 795 2020 854 quas

431 877 621 939 postea
651 876 799 923 textu
828 885 1098 925 annorum
1132 870 1290 930 1051.
1337 871 1497 938 1055,
1544 872 1702 940 1056,
1743 872 1880 928 1060
1919 873 2018 928 ad-

432 962 548 1018 dito
575 964 830 1034 explevit,
859 966 1068 1037 reliqua
1094 967 1302 1034 omnia,
1325 983 1594 1023 annorum
1617 968 1822 1024 scilicet
1852 967 2020 1024 1072-

435 1054 574 1112 1100
603 1057 889 1115 historiam
917 1060 1037 1131 ipso
1073 1076 1184 1132 quo
1213 1077 1302 1118 res
1339 1062 1680 1134 contigerunt
1721 1063 1806 1117 vel
1843 1063 1894 1118 ei
1936 1062 2023 1117 in-

434 1161 731 1208 notuerunt
761 1162 1004 1225 tempore
1044 1155 1239 1210 litteris
1283 1150 1522 1211 tradidit.
1564 1153 1783 1210 Nec'ea
1839 1163 2021 1211 tamen

433 1259 588 1316 teque
615 1260 681 1302 ac
707 1245 881 1316 priori
909 1255 1062 1318 parte
1090 1247 1413 1318 corrigendo
1458 1246 1664 1319 (1192),
1701 1247 2023 1318 explicando

433 1337 793 1409 addendoque
819 1339 1102 1406 abstinuit,
1133 1349 1294 1409 prout
1319 1339 1489 1395 codex
1531 1321 1901 1412 autographus
1936 1339 2022 1394 vel

435 1439 562 1500 post
600 1431 810 1488 obitum
859 1432 1100 1489 auctoris
1146 1433 1515 1490 additionibus
1558 1444 1753 1492 auctus
1795 1432 2023 1488 demon-

436 1528 595 1577 strat.

511 1611 742 1684 Scripsit
768 1614 954 1668 animo
994 1613 1049 1668 in
1091 1613 1478 1684 imperatorem
1519 1612 1748 1684 ejusque
1788 1619 2024 1665 asseclas

435 1703 607 1760 laieos
629 1704 787 1784 juxta
815 1715 978 1776 atque
1005 1705 1234 1763 clericos
1268 1705 1514 1773 inimico,
1548 1703 1732 1760 clades
1769 1703 1818 1758 ei
1847 1702 2026 1760 illatas

435 1795 506 1852 ad
535 1795 750 1851 laudem
779 1805 833 1852 et
862 1797 1089 1868 gloriam
1119 1797 1212 1853 Dei
1242 1797 1494 1856 ﬁdelibus
1523 1797 1779 1854 Ecclesiae
1807 1812 2030 1854 annun-

439 1887 674 1944 tiaturus
696 1887 902 1960 (1195),
933 1890 1072 1962 stylo
1100 1877 1360 1962 simplici,
1387 1890 1700 1964 perspicuo,
1746 1890 1801 1944 in
1839 1889 2032 1960 priori-

437 1978 542 2034 bus
588 1979 724 2051 ipsis
767 1991 1056 2037 auctorum
1086 1981 1266 2038 verbis
1292 1982 1614 2052 plerumque
1645 1997 1780 2038 usus
1807 1989 1862 2036 et
1886 1995 2030 2035 nexu

439 2072 839 2127 sententiarum
880 2085 1118 2142 servato,
1150 2075 1244 2131 ubi
1273 2085 1327 2130 et
1355 2091 1481 2131 raro
1513 2083 1724 2130 tantum
1778 2075 1962 2144 (1194)
2001 2091 2033 2131 a

438 2165 704 2234 temporis
729 2167 1139 2236 computatione
1165 2153 1396 2239 qualem
1445 2167 1589 2238 apud
1639 2165 2032 2240 Hieronymum

437 2264 496 2310 et
521 2254 912 2334 Ilerimannum
943 2259 1222 2316 invenerat
1265 2261 1496 2327 recedit;
1548 2268 1605 2315 at
1651 2276 1761 2332 qua
1801 2277 1890 2316 res
1932 2261 2037 2332 ipsi

439 2359 751 2420 compertas
779 2352 962 2415 tradit,
995 2354 1361 2410 narrationem
1401 2354 1630 2424 justam,
1675 2355 2034 2423 succinctam,

443 2443 594 2498 nullo
636 2441 764 2500 fuco
793 2445 1067 2502 turbatam
1107 2447 1436 2506 laudaveris.
1491 2447 1538 2502 Α
1583 2447 1786 2519 regulis
1834 2448 2040 2504 Latinae

444 2533 647 2608 linguse
675 2535 759 2594 bis
789 2546 936 2593 terve
964 2540 1186 2606 recedit,
1214 2541 1346 2596 dum
1377 2540 1616 2612 genitivo
1641 2549 1698 2596 et
1726 2541 2040 2597 accusativo

445 2630 842 2686 vocabulorum
901 2629 1142 2687 Saxonia
1170 2643 1222 2690 et
1255 2632 1629 2706 Langobardia
1683 2633 1867 2706 (1195)
1919 2633 2042 2690 loco

445 2723 502 2779 in
533 2721 794 2792 Saxouiu,
824 2725 880 2778 in
911 2723 1204 2780 Saxont'am
1237 2736 1292 2782 et
1328 2728 1387 2780 in
1432 2725 1805 2798 Longobardia
1841 2726 2039 2796 utitur;

446 2825 506 2872 et
545 2815 798 2886 adjuvare
839 2832 964 2873 cum
1005 2817 1188 2873 dativo
1224 2817 1431 2889 (1196),
1463 2827 1518 2874 et
1544 2835 1577 2872 a
1607 2817 1862 2873 Heinrico
1909 2834 2045 2874 con-

448 2907 642 2979 jungit.
684 2906 744 2962 In
773 2909 1006 2980 singulis
1026 2909 1254 2966 vocibus
1282 2910 1588 2966 scribendis
1616 2927 1760 2982 smpe
1787 2911 1858 2966 ab
1886 2909 2044 2966 Heri-

2117 397 2258 454 tensi
2293 397 2488 464 evolvi,
2516 407 2631 452 tum
2671 413 2702 450 a
2741 394 3101 466 scriptoribus
3149 393 3353 448 codicis
3401 389 3710 446 Ekltebardi

2119 487 2450 546 Ztiril'altcnsi
2497 488 2682 561 (1202)
2729 498 2782 543 et
2836 486 3131 543 Annalium
3180 483 3612 539 Zvvil'altensium
3659 491 3714 536 et

2117 582 2374 638 Cliroaici
2407 580 2766 636 Peteshusani
2807 580 2986 635 medio
3035 578 3236 635 saeculo
3287 593 3364 631 xu
3406 575 3714 644 exscriptus

2118 682 2221 731 est.
2259 671 2502 730 Primam
2529 673 2650 744 ejus
2681 671 2977 726 editionem
3008 687 3110 742 ope
3143 670 3394 726 codicum
3420 665 3712 738 Villingani

2120 765 2514 823 et’Basiliensis
2537 764 2750 821 curavit
2777 761 3046 819 Urstisius
3076 778 3124 818 a.
3163 762 3322 826 I585,
3354 760 3460 815 sub
3497 759 3715 814 nomine

2122 858 2417 914 Herznanni
2449 857 2727 912 Contracti
2749 864 2806 912 et
2831 854 3071 911 Bcrtoldi
3105 853 3426 925 presbyteri,
3453 865 3714 922 expresso

2121 967 2153 1007 e
2177 951 2342 1006 latere
2371 949 2560 1006 codice
2585 947 2902 1004 Herimanni
2940 946 3283 1019 Sangallensi
3314 944 3528 1015 (1203),
3559 943 3715 1012 cujus

2121 1041 2378 1101 editionis
2415 1049 2671 1114 excerpta
2704 1041 2759 1096 in
2798 1041 3119 1097 collectione
3141 1037 3521 1109 Bouquetiana
3552 1046 3594 1092 t.
3624 1035 3713 1103 XI,

2120 1135 2212 1202 25,
2248 1133 2388 1202 XIV,
2411 1133 2672 1200 548-584,
2711 1142 2765 1188 et
2805 1132 3044 1188 671-688
3085 1133 3265 1204 legere
3310 1131 3471 1198 licet;
3519 1132 3719 1188 secqu

2121 1241 2258 1283 xvnt
2286 1227 2467 1282 medio
2491 1223 2734 1281 OEIelius
2766 1225 3027 1281 lectiones
3061 1223 3355 1281 nonnullas
3390 1222 3723 1295 autographi

2122 1335 2236 1376 una
2275 1334 2401 1376 cum
2439 1316 2759 1389 Nccrologio
2786 1315 3040 1374 Bernoldi
3059 1325 3116 1374 et
3149 1315 3415 1388 Catalogo
3441 1314 3726 1370 Romano-

2124 1426 2248 1468 rum
2288 1409 2608 1483 pontilicum
2643 1409 3015 1482 Scriptoribus
3041 1409 3222 1467 Boicis
3253 1416 3294 1465 t.
3319 1409 3360 1476 1,
3393 1425 3446 1480 p.
3481 1407 3726 1464 (iu-655

2126 1501 2391 1570 inaeruit;
2439 1503 2641 1575 quibus
2677 1511 2734 1559 et
2762 1501 3092 1559 Emilianus
3135 1497 3477 1558 Ussermann
3515 1501 3574 1554 in
3614 1499 3728 1555 edi-

2126 1595 2276 1650 tione
2311 1610 2410 1650 sua
2444 1609 2579 1651 usus
2607 1594 2726 1652 loca
2769 1594 3031 1650 nonnulla
3077 1592 3410 1658 emendavit,
3461 1591 3729 1648 lectiones

2127 1687 2423 1744 nonnullas
2462 1687 2712 1744 codicum
2753 1684 3158 1753 Gottwicensis,
3196 1684 3469 1740 Mnrensis
3512 1693 3570 1739 et
3619 1681 3729 1738 En-

2128 1778 2493 1852 gelbergensis
2515 1779 2744 1845 notavit,
2766 1761 2972 1834 textum
2997 1777 3334 1833 llerimanno
3356 1786 3411 1831 et
3431 1775 3731 1832 Bertboldo

2129 1871 2383 1943 subjecit,
2415 1871 2825 1927 observationes
2857 1886 2987 1926 suas
3012 1869 3238 1938 addidit,
3279 1877 3335 1924 et
3359 1884 3428 1924 eo
3454 1869 3733 1940 praecipue

2130 1965 2198 2021 de
2219 1971 2414 2020 nostro
2449 1964 2586 2018 bene
2613 1962 2834 2029 meruit,
2863 1962 3010 2034 quod
3049 1961 3262 2033 reliqua
3291 1959 3413 2033 ejus
3449 1975 3625 2032 opera
3667 1975 3733 2016 ex

2132 2055 2286 2113 libris
2307 2054 2695 2125 manuscriptls
2723 2054 3041 2126 plerumque
3073 2054 3302 2110 collecta
3357 2053 3500 2125 typis
3541 2051 3731 2111 edidit.

2135 2147 2242 2204 Sed
2283 2147 2472 2203 codice
2511 2145 2854 2218 autograpbo
2886 2146 3155 2218 neglecto,
3202 2146 3438 2201 multum
3482 2145 3646 2202 abest
3676 2155 3734 2200 ut

2133 2249 2342 2296 teXtum
2372 2239 2590 2311 qualem
2615 2247 2808 2294 auctor
2839 2238 3061 2309 scripsit
3089 2237 3414 2304 restituerit,
3448 2237 3602 2308 quod
3636 2251 3734 2292 no-

2137 2341 2248 2388 stra
2287 2332 2508 2388 demum
2551 2329 2790 2387 editione
2827 2330 2946 2386 ﬁeri
2990 2345 3314 2386 concessum
3347 2338 3453 2398 est,
3489 2330 3582 2386 cui
3620 2330 3736 2385 bac

2138 2424 2380 2481 subsidia
2413 2441 2444 2480 a
2479 2423 2638 2479 nobis
2665 2432 2980 2494 comparata
3001 2423 3374 2480 inservierunt
3405 2440 3420 2477 :

2211 2514 2265 2588 1)
2307 2515 2492 2571 Codex
2537 2515 2932 2588 autograpbus,
2962 2515 3056 2588 qui
3082 2516 3153 2570 ab
3179 2523 3404 2571 auctore
3428 2514 3564 2569 olim
3596 2511 3733 2569 San-

2139 2616 2228 2664 cto
2269 2606 2535 2664 Salvatori
2575 2607 2920 2664 Scai'busano
2963 2607 3323 2674 contraditus,
3365 2606 3553 2678 ibique
3590 2606 3734 2661 circa

2141 2715 2346 2754 annum
2370 2699 2507 2754 1118
2533 2700 2741 2756 notitiis
2762 2699 2911 2755 hisce
2929 2699 2985 2755 in
3010 2700 3255 2770 margine
3279 2714 3554 2754 annorum
3577 2697 3733 2766 1009,

2145 2789 2285 2848 1052
2303 2801 2358 2848 et
2381 2791 2517 2847 1064
2545 2800 2738 2848 auctus
2759 2801 2844 2848 est
2867 2811 2881 2848 :

2479 2903 2798 2960 ANNALES
2838 2902 3396 2960 SCAFHUSENSES.

449 3015 653 3091 manno
680 3001 902 3091 recedit,
931 3001 1018 3091 ubi
1047 3001 1388 3070 Alemannia,
1419 3003 1814 3075 Longobardia,
1840 3003 2034 3091 Lotha-
2068 3011 2112 3069 ο
2218 3010 2376 3066 1009.
2417 3008 2776 3080 Temporibus
2829 3009 2917 3064 his
2959 3007 3112 3064 Ebbo
3167 3023 3354 3064 comes
3401 3007 3470 3062 de
3521 3003 3734 3062 Nellen-

453 3088 591 3156 rius,
616 3087 964 3158 Ludowicus,
991 3090 1278 3148 Luitoldus
1309 3093 1518 3164 (1197),
1547 3094 1723 3163 litera,
1753 3087 1962 3150 ecclesia
1988 3095 2045 3150 in

453 3186 643 3236 nostro
666 3192 981 3240 constanter
1001 3184 1212 3254 obvias,
1232 3184 1434 3242 frustra
1455 3187 1804 3257 quaesiveris;
1823 3187 1878 3242 in
1901 3185 2045 3254 aliis,

456 3287 507 3327 θ.
544 3289 598 3344 g.
622 3272 909 3330 Bertaldus
949 3275 1132 3348 (1198)
1159 3286 1214 3333 et
1240 3277 1565 3335 Bcrthaldus
1607 3279 1814 3352 (1199),
1857 3280 2046 3337 Gund-

457 3365 656 3423 ltarius
677 3365 861 3440 (1200)
899 3377 954 3424 et
995 3367 1332 3427 Guntbarius
1375 3370 1581 3443 (1201),
1633 3371 1748 3443 ipse
1791 3371 1895 3428 sibi
1937 3387 2050 3428 non

459 3466 694 3513 constat.

532 3548 786 3606 Bernoldi
824 3553 962 3608 liber
995 3569 1120 3610 cum
1168 3555 1390 3610 nonnisi
1428 3555 1498 3610 ad
1535 3571 1742 3610 annum
1774 3554 1905 3610 1091
1935 3571 2032 3628 per

462 3641 663 3698 ductus
719 3654 886 3711 esset,
930 3645 1051 3716 ipso
1088 3661 1235 3714 anno
1273 3646 1327 3701 in
1368 3647 1621 3702 etenobio
1665 3645 1851 3702 Sancti
1888 3645 2054 3703 Blasii

462 3744 785 3806 excerptus,
834 3737 1045 3809 integer
1085 3748 1267 3793 autem
1307 3739 1574 3796 Bernoldo
1617 3740 1912 3810 superstite
1960 3748 2056 3794 aut

464 3842 574 3882 non
599 3828 694 3884 diu
733 3829 992 3886 defuncto
1037 3832 1091 3886 in
1133 3832 1478 3888 monasteriis
1513 3831 1958 3902 Gengcnbacensi
2001 3840 2058 3887 et

466 3921 642 3976 sancti
698 3921 915 3994 Georgii
972 3921 1277 3995 Villingano
1329 3925 1654 3996 descriptus,
1704 3925 1897 3980 eodem
1943 3922 2056 3978 fere

467 4022 710 4084 tempore
737 4015 808 4070 ab
828 4014 1150 4071 Ekkebardo
1179 4015 1528 4088 Uraugiensi,
1559 4016 1818 4072 Cbronici
1848 4013 2060 4071 Wirze-

467 4103 759 4176 burgensis
791 4117 850 4163 ut
883 4108 1098 4164 videtur
1139 4118 1385 4176 auctore,
1428 4110 1576 4182 quod
1607 4109 1662 4164 in
1687 4109 1912 4164 annales
1943 4105 2060 4162 ﬂii-

469 4197 877 4256 (iesbeimenses
903 4210 957 4256 et
983 4199 1300 4257 Cbronicon
1342 4201 1799 4274 Wirzeburgense
1845 4199 2060 4256 deriva-

470 4300 585 4345 tum
612 4307 788 4362 nuper
823 4307 856 4347 a
893 4291 956 4347 γ.
999 4294 1069 4348 cl.
1121 4293 1348 4350 Moltero
1392 4295 1726 4366 accepimus,
1779 4309 1812 4348 a
1865 4291 2059 4348 scribis

2147 3103 2284 3159 burc
2308 3103 2324 3134 ¹
2353 3102 2741 3158 consobrinam
2775 3100 3014 3158 Heinrici
3041 3102 3207 3174 regis,
3243 3098 3596 3171 Hedewigam
3637 3111 3736 3152 no-

2148 3195 2316 3262 mine,
2345 3195 2413 3250 de
2437 3194 2591 3250 curia
2617 3195 2760 3265 regis
2783 3193 2939 3249 duxit
2961 3209 3210 3250 uxorem.

2226 3286 2380 3344 1052.
2421 3285 2536 3344 Hoc
2555 3302 2698 3342 anno
2725 3286 2917 3342 beatus
2941 3284 3290 3342 Eberhardus
3311 3297 3502 3340 comes
3527 3282 3594 3338 de
3619 3278 3740 3336 Nel-

2148 3379 2366 3437 linburc
2413 3378 2840 3436 Seal‘ltusensem
2886 3379 3068 3434 locum
3111 3387 3434 3433 construere
3481 3375 3644 3446 cepit,
3684 3374 3738 3427 in

2152 3488 2262 3542 quo
2297 3480 2522 3528 sanctus
2542 3486 2681 3542 papa
2712 3469 2822 3526 Leo
2845 3469 2938 3538 IX,
2982 3469 3048 3525 10
3070 3469 3188 3525 Kal.
3221 3466 3537 3524 Decembris
3579 3466 3740 3522 altam
3851 3490 3858 3495 -

2153 3564 2210 3620 in
2266 3563 2475 3620 honore
2517 3561 2788 3618 dominice
2833 3562 3252 3619 resurrectionis
3295 3559 3659 3622 consecravit,
3689 3563 3740 3611 et

2154 3655 2335 3712 locum
2381 3656 2498 3712 suis
2539 3655 2744 3711 sanctis
2771 3655 3238 3712 benedictionibus
3267 3653 3504 3708 initiavit
3532 3661 3589 3706 et
3613 3663 3738 3705 con-

2155 3746 2412 3818 ﬁrmavit.

2229 3837 2387 3896 1064.
2429 3835 2546 3894 lloc
2572 3837 2738 3894 etiam
2761 3852 2908 3894 anno
2932 3853 2963 3892 a
2992 3833 3304 3892 Iluomuldo
3331 3830 3745 3890 Constanciensi

2157 3928 2416 4000 episcopo
2437 3929 2682 3986 mcclesia
2705 3928 2881 3984 sancti
2915 3926 3212 3983 Salvatoris
3236 3925 3528 3981 dedicatur
3570 3924 3626 3979 in
3665 3937 3747 3979 ce-

2159 4017 2324 4074 nobio
2349 4015 2705 4076 Scal‘busensi
2727 4019 2768 4086 ',
2793 4017 2942 4090 quod
2965 4031 3150 4073 comes
3173 4015 3373 4071 nobilis
3402 4013 3746 4070 Eberhardns

2159 4109 2227 4166 de
2273 4108 2616 4166 Nellemburc
2658 4117 3042 4167 construxerat
3072 4117 3129 4164 et
3169 4107 3393 4178 pradiis
3437 4107 3560 4163 suis
3599 4105 3744 4162 dota-

2160 4210 2332 4258 verat.

2233 4291 2444 4350 Saeculo
2509 4311 2642 4364 xiv,
2700 4310 2812 4367 quo
2868 4295 3092 4350 ineunte
3153 4289 3442 4348 Scal'busae
3498 4288 3746 4346 servaba-

467 4359 764 4438 Annalium
815 4383 1000 4442 Sancti
1051 4385 1214 4441 Blasii
1263 4403 1360 4443 seu
1409 4359 1960 4459 Engelbcrgensium,
2007 4392 2063 4439 et
2094 4359 2550 4458 Dtur(l‘20:i),in
2569 4359 3744 4452 Fabariensemonasteriumtransiit(1205).

467 4473 726 4532 Chronici
759 4473 945 4532 Sancti
975 4476 1194 4549 Georgii
1225 4479 1278 4534 in
1315 4479 1480 4552 Nigra
1517 4478 1684 4545 Silva,
1730 4492 1943 4534 necnon
1991 4477 2062 4532 ab

2162 4486 2459 4550 posteaque
2485 4479 2825 4537 bibliotheca
2848 4478 3121 4534 Bavaricae
3152 4476 3360 4544 illatus,
3393 4483 3450 4530 et
3483 4473 3628 4530 inter
3661 4469 3749 4526 La-

469 4577 694 4632 auctore
733 4568 998 4625 librorum
1025 4586 1122 4626 sex
1145 4563 1212 4627 de
1236 4573 1472 4641 decursu
1495 4581 1803 4642 temporum
1837 4583 1979 4640 quos
2003 4583 2055 4624 a.
2163 4570 2309 4626 tinos
2365 4587 2596 4628 numero
2651 4572 2759 4628 452
2811 4572 3060 4649 signatus
3101 4568 3376 4639 hodieque
3418 4573 3545 4640 post
3589 4559 3744 4620 Liud-

1434 4672 1441 4675 ’
1785 4663 2018 4720 VARUS
2058 4661 2452 4719 LECTIONES.

545 4754 560 4784 ⁸
603 4753 920 4811 nellenbucr
946 4771 994 4810 c.
1072 4757 1093 4786 '
1134 4754 1424 4813 Scaihensi
1453 4772 1500 4812 c.

2015 4841 2248 4902 NOTAE.

547 4937 731 5012 (1192)
765 4938 852 5014 GI.
875 4955 928 5014 ρ.
955 4957 1008 5014 g.
1037 4956 1202 4998 voces
1220 4957 1273 4998 a.
1303 4941 1435 4998 1061
1464 4941 1678 5014 additas
1704 4949 1759 4997 et
1782 4939 2065 5014 quaeinl'ra

473 5011 544 5069 de
569 5011 1004 5082 correctionibu's
1039 5021 1164 5082 post
1187 5027 1394 5070 annum
1427 5013 1558 5068 1091
1595 5011 1666 5068 ab
1697 5011 1919 5068 auctore
1946 5011 2067 5082 ipso

392 5116 397 5124 ι
475 5077 743 5161 preteeti?
780 5077 1166 5161 μορρξίξύηιε
1202 5098 1346 5141 sum-

554 5150 847 5270 (1195),.Ᾱ.
886 5150 1044 5206 1086.

554 5220 716 5270 11194
771 5219 835 5270 E.
868 5237 919 5270 tr.
946 5220 1044 5270 Tr:

549 5219 735 5270 (1194)
771 5219 835 5272 E.
868 5237 919 5272 tr.
946 5220 1166 5272 Traiani
1194 5238 1325 5272 nnn.
1365 5222 1434 5274 10
1465 5242 1530 5274 ex
1563 5223 1878 5274 Hiemnvmi
1911 5239 1962 5274 a.
2011 5221 2066 5276 6.

2267 4940 2424 5008 1198)
2462 4939 2528 4992 Α.
2566 4935 2725 5008 1974.

2267 5005 2426 5078 “99)
2466 5007 2511 5062 A
2563 5005 2724 5078 test.

2272 5076 2427 5136 1200)
2465 5079 2532 5134 Α.
2563 5076 2722 5132 1065.

2275 5082 2406 5136 [9.00
2465 5082 2532 5134 Α.
2563 5082 2722 5132 1065.

2275 5082 2430 5276 1201ξ
2466 5147 2602 5204 Ibid.
2637 5146 2692 5202 in
2721 5145 2940 5228 additis.

2275 5219 2408 5276 1202
2471 5219 2692 5275 Archiv.
2723 5215 2840 5276 VII.
2869 5215 2940 5272 50

2244 5215 2430 5276 11202)
2471 5219 2692 5275 Archiv.
2723 5215 2840 5276 VII.
2869 5215 3014 5275 504..
