3986 5312
485 346 512 400 1
523 345 630 400 285

1471 339 1564 394 AD
1599 337 1828 394 arma
1869 297 1927 394 ε.
1965 337 2296 393 enecatur
2334 337 2782 393 APPLNDICES.

3637 343 3764 399 123i

422 515 430 524 ,
485 469 847 518 surrexerunt
871 459 1132 518 adversus
1153 459 1329 523 illum,
1363 465 1418 511 et
1437 457 1862 529 vulneraverunt
1896 453 2078 529 gravi-
2105 459 2154 517 Α
2250 449 2454 508 Praeter
2487 453 2706 510 codices
2735 455 2986 527 integros
3021 455 3077 511 in
3117 455 3390 513 calculum
3433 457 3592 514 venit
3634 476 3763 529 apo-

421 591 430 598 .
485 540 586 588 ter.
614 530 941 602 Capellanus
965 544 1107 602 vero
1134 530 1272 599 ejus,
1318 529 1538 602 nomine
1575 525 1747 602 0tto_,_
1775 525 2074 602 condolens

483 603 606 658 neci
631 596 772 673 ejus,
800 618 926 657 cum
961 596 1300 670 increpasset
1331 598 1605 673 quendam
1633 596 1861 673 militem
1895 596 2072 668 Egge-

483 668 718 728 bardum
759 668 994 728 nomine
1036 668 1138 726 cur
1174 685 1286 725 non
1327 669 1640 724 subveniret
1675 668 1900 722 domino
1945 683 2067 734 suo,

474 743 554 814 .ab
574 743 973 814 eodemgglagdio
1015 741 1500 814 animadvertitur,
1531 740 1720 809 sicque
1747 739 1838 792 ille
1853 739 2070 814 quievit

483 813 540 867 in
562 829 693 883 pace
737 810 819 868 19'
843 812 1077 868 'Kalcnd.
1105 810 1372 883 Januarii.
1402 810 1587 883 Abbas
1615 818 1808 883 autent
1842 811 1924 883 ad
1949 825 2070 864 mo-

481 879 783 939 nasterium
826 883 1095 939 exanimis
1121 882 1352 946 delatus,
1385 881 1666 951 dispositis
1694 879 2068 951 ordinatisque

471 954 584 1009 rite
609 955 886 1022 omnibus,
921 955 976 1008 2.
994 949 1756 1024 Ιάαβίίῡθεειηὴτίέωίεηινίι
1783 949 1853 1006 ad
1880 949 2066 1005 Domi-

477 1039 632 1080 num.
665 1023 768 1080 Cui
803 1025 1070 1081 successit
1093 1023 1279 1079 Willo.

551 1093 710 1151 1085.
751 1095 917 1150 Willo
941 1094 1110 1150 abbas
1158 1110 1284 1150 eum
1331 1109 1506 1165 pauco
1532 1101 1777 1163 tempore
1819 1101 2064 1164 preesset

476 1165 812 1221 monasterio
841 1165 1308 1236 Gengenbacensi,
1341 1164 1608 1236 expulsus
1638 1179 1806 1236 causa
1837 1179 2061 1236 excom-

467 1237 884 1307 '1_nutticationis,
915 1233 998 1292 se't
1017 1245 1078 1290 ut
1102 1245 1291 1307 postea
1315 1233 1512 1307 claruit
1532 1235 1708 1307 magis
1731 1249 1799 1307 ei;
1836 1233 2057 1290 invidia.

469 1303 545 1378 Et
565 1307 876 1378 prepositus
898 1303 1120 1378 quidam
1144 1305 1376 1362 clericus
1403 1305 1470 1378 Β.
1497 1303 1724 1378 nomine
1741 1305 1811 1360 ab
1841 1320 1907 1360 eo
1929 1320 2062 1360 con-

475 1373 720 1444 stit‘utu's,
751 1378 846 1448 qui
875 1373 1041 1432 etiam
1063 1377 1130 1448 de
1157 1377 1278 1446 ejus
1298 1376 1618 1448 expulsione
1639 1373 1936 1448 infamatus
1953 1383 2057 1442 est,

473 1448 706 1502 eundem
736 1444 919 1504 locum
950 1444 1251 1518 perplures
1285 1444 1463 1518 annos
1481 1445 1745 1518 obtinuit.
1769 1444 1902 1518 ipse
1931 1461 2059 1501 vero

474 1463 706 1502 eundem
737 1463 919 1504 locum
950 1463 1048 1518 per
1054 1463 1251 1571 1plures
1285 1463 1462 1502 annos
1493 1463 1745 1501 onunuu.
1782 1463 1902 1516 ipse
1931 1463 2058 1501 vero

474 1517 646 1573 abbas
684 1519 789 1574 hoc
816 1534 962 1573 anno
991 1519 1026 1573 5
1101 1533 1240 1573 onas
1283 1517 1414 1573 Julii
1449 1517 1735 1588 Mogontite
1765 1517 1820 1570 in
1844 1532 2058 1588 _mona-

474 1589 642 1643 sterio
663 1589 836 1643 saucti
857 1588 1044 1645 Jacobi
1073 1589 1287 1644 solutus
1313 1597 1396 1644 est
1421 1585 1606 1656 carne,
1640 1587 1732 1642 ubi
1755 1593 1810 1642 et
1837 1585 2058 1644 functus

471 1667 557 1713 est
588 1657 766 1714 oilicio
787 1659 1019 1715 abbatis.

549 1727 702 1812 .1090:
736 1728 899 1812 (inter
923 1729 1108 1812 habuit
1137 1739 1189 1784 et
1221 1729 1553 1812 Sigi'fredus)‘
1587 1727 1743 1812 [lngo
1769 1727 2056 1812 religiosus

470 1800 640 1872 abbas
661 1773 1136 1872 Gebgcnbacensis
1159 1773 1371 1872 cenothii
1389 1773 1628 1868 hiare/tus
1651 1773 2056 1855 v'ideliceiantto

470 1871 759 1926 dominicae
787 1870 1195 1927 incarnationis
1223 1870 1381 1937 1089,
1431 1882 1513 1926 set
1560 1871 1750 1926 fraude
1795 1871 2050 1928 Bertholﬂ

461 1942 745 2012 praepositi
789 1952 952 2013 atque
991 1940 1264 2007 canonici,
1302 1943 1462 2012 cujus
1491 1951 1542 1998 et
1572 1941 1898 1997 auctoritate
1925 1957 2054 2011 pra-

428 2031 433 2036 ’
469 2021 916 2078 1notusest,non
965 2013 1144 2067 solum
1201 2013 1410 2068 honore
1438 2014 1702 2082 privatus,
1761 2022 1844 2068 set
1887 2014 2053 2074 etiam

467 2083 712 2138 claustro
745 2083 1028 2153 expulsus,
1065 2091 1270 2154 septem
1315 2099 1488 2139 annos
1528 2083 1794 2154 permulta
1816 2083 2054 2154 incom-

458 2154 630 2208 moda
671 2169 890 2224 passus,
925 2154 1144 2208 tandem
1185 2154 1291 2208 hoc
1315 2169 1461 2209 anno
1495 2153 1771 2209 annuente
1811 2153 2055 2209 Bertolfo

457 2224 627 2296 duce,
666 2224 762 2296 qui
797 2225 890 2296 illo
933 2233 1177 2296 tempore
1205 2225 1438 2279 eundem
1466 2226 1658 2280 ‘locum
1692 2239 1798 2296 _pcr
1839 2225 2054 2280 violen-

465 2293 598 2348 tiam
636 2293 942 2366 7obtinebat,
997 2293 1205 2365 petitus
1257 2301 1344 2350 est
1373 2293 1757 2366 .bonoreﬂsuo,
1782 2303 1976 2366 ﬁatque
2011 2311 2055 2351 .a

457 2365 682 2420 cunctis
712 2365 1012 2421 bonorilice
1047 2373 1334 2436 susceptus
1363 2373 1448 2420 est
1479 2366 1540 2422 11
1594 2365 1712 2420 Kal.
1747 2365 1872 2420 Mai.

539 2453 824 2511 Scribendi
850 2455 990 2510 ratio
1013 2455 1066 2509 in
1091 2455 1210 2526 ipso
1244 2455 1431 2511 codice
1457 2455 1527 2510 ab
1559 2455 1898 2528 autographa
1919 2472 2056 2527 pau-

461 2545 634 2617 lisper
679 2547 902 2614 recedit,
937 2547 1012 2601 ita
1064 2554 1125 2603 ut
1177 2555 1495 2602 constanter
1544 2546 1921 2618 sollempniter,
1961 2564 2053 2602 as-

465 2648 699 2709 sumpta,
739 2640 1014 2712 inposuit,
1065 2639 1352 2708 inproviso,
1398 2639 1684 2713 inmittere,
1730 2640 1826 2695 sed
1859 2649 1910 2695 et
1947 2640 2051 2692 im-

439 2731 610 2810 .mitti
639 2739 694 2786 et
729 2749 781 2786 a.
814 2730 954 2787 1085
973 2731 1196 2786 suueuia
1225 2731 1421 2786 habeat
1447 2729 1652 2802 (1212).

535 2831 592 2903 5)
624 2830 817 2888 Codex
837 2833 980 2888 .olim
1023 2832 1212 2890 Sancti
1233 2831 1451 2905 Georgii
1482 2831 1774 2904 Villingani
1803 2833 1874 2890 ab
1901 2832 1966 2888 0.
1999 2845 2051 2886 c.

453 2923 533 2978 ad
561 2939 770 2979 annum
789 2926 928 2982 1052
950 2928 1282 2999 pertingens,
1307 2935 1362 2980 et
1385 2927 1524 2982 alter
1551 2925 1834 2983 Francisci
1867 2925 2052 2983 Rech-

455 3014 684 3086 burgeri
734 3017 940 3073 tribuni
981 3019 1156 3090 plebis
1205 3017 1535 3075 Basileensis
1579 3034 1853 3074 annorum
1894 3018 2056 3074 1055-

465 3105 624 3176 1100,
657 3124 800 3178 quos
832 3107 1099 3167 Urstisius
1144 3111 1198 3164 in
1220 3111 1458 3168 editione
1492 3128 1590 3168 sua
1623 3113 1916 3184 cvulgavit,
1940 3127 2051 3167 non

2177 544 2448 624 graphum
2487 545 2614 601 libri
2663 561 2810 602 anno
2845 546 2979 603 1091
3011 541 3175 620 apud
3226 549 3492 606 Sanctum
3527 550 3764 608 Blasium

2173 637 2445 704 relictum,
2489 637 2651 709 cujus
2689 641 2922 713 vestigia
2955 642 3178 698 nonnisi
3228 643 3282 698 in
3318 645 3606 701 codicibus
3641 645 3766 701 inde

2170 729 2452 797 derivatis,
2480 729 2725 788 Murensi
2767 734 3060 806 praecipue,
3087 743 3297 792 extant.
3330 735 3454 803 Quo
3497 754 3625 792 cum
3661 754 3764 792 au-

2168 822 2436 892 tographa
2464 824 2685 892 collato,
2731 840 2896 883 voces
2944 837 3000 883 et
3053 829 3354 885 sententias
3388 831 3686 886 nonnullas
3703 830 3764 886 in

2167 915 2508 986 autographa
2531 925 2729 986 posta.
2765 916 2900 977 1091
2942 935 2974 974 a
3019 919 3291 978 Bernaldo
3333 921 3545 978 deletas
3585 929 3765 978 muta-

2166 1011 2320 1060 tasve
2353 1006 2706 1078 deprehendi,
2738 1025 2976 1080 quorum
3015 1013 3140 1068 loco
3176 1013 3445 1084 hodieque
3489 1013 3763 1069 membra-

2165 1111 2290 1152 nam
2321 1113 2570 1155 arrasam
2607 1099 2781 1157 fuisse
2815 1111 2983 1172 patet.
3031 1101 3318 1174 Ejusmodi
3347 1091 3480 1160 sunt
3506 1121 3560 1162 a.
3602 1105 3760 1174 1051,

2153 1203 2256 1258 .pro
2275 1205 2376 1260 quo
2399 1182 3170 1259 Gebeliardusé—liberuretur;
3197 1202 3310 1248 tota
3327 1192 3580 1251 narratio
3597 1211 3765 1254 anno-

2161 1295 2286 1336 rum
2323 1280 2464 1338 1055
2495 1291 2550 1338 et
2597 1283 2763 1354 1056;
2797 1301 2848 1341 a.
2876 1285 3015 1342 1058
3036 1302 3141 1342 vox
3178 1286 3522 1358 grutis'anno
3545 1289 3762 1345 circiter

2114 1360 2120 1366 ’
2163 1371 2302 1428 1092
2327 1373 2510 1432 addita
2533 1394 2548 1444 ;
2571 1392 2624 1432 a.
2653 1375 2792 1434 1059
2814 1379 3084 1434 sententia
3107 1387 3155 1432 et
3176 1388 3361 1448 postea
3391 1379 3478 1432 illi
3508 1381 3582 1433 ad
3605 1377 3760 1434 dedi-

2151 1467 2354 1522 tionem
2391 1470 2624 1538 veniunt,
2655 1479 2772 1526 tum
2801 1485 2891 1527 res
2915 1471 3046 1526 anni
3083 1470 3261 1539 1060;
3305 1487 3362 1525 a.’
3412 1469 3556 1524 1090
3591 1487 3754 1524 voc-es

2148 1557 2270 1628 jam
2291 1559 2515 1629 dudum,
2540 1571 2730 1632 postea
2760 1561 2858 1618 hoc
2883 1562 2941 1618 in
2971 1577 3112 1617 anno
3141 1561 3474 1628 emendatae;
3511 1576 3566 1615 a.
3594 1559 3754 1626 1091,

2157 1651 2212 1705 in
2242 1651 2482 1724 Augusto
2503 1669 2680 1710 mense
2705 1662 2896 1726 postea
2915 1672 2971 1710 γι
3023 1653 3096 1709 Id
3129 1653 3305 1724 Aug.,'
3357 1669 3410 1708 a.
3460 1651 3639 1731 1088,
3689 1652 3758 1706 Et

2139 1730 2266 1798 lace
2291 1744 2503 1816 quidem
2535 1747 2678 1817 apud
2701 1746 2884 1818 ﬁdeles
2901 1744 3088 1802 Sancti
3111 1743 3263 1801 Petri
3284 1730 3588 1816 agebantur
3601 1745 3755 1816 jam:

2087 1835 2128 1890 Β
2155 1832 2410 1906 Migravit
2457 1844 2636 1890 autem
2694 1836 2764 1891 ad
2814 1835 3097 1915 Domjnum
3159 1849 3256 1891 vui
3323 1820 3458 1889 idus
3511 1835 3756 1906 Aprilis;

2151 1942 2203 1983 a.
2243 1926 2402 1996 1088,
2443 1926 2620 1998 Welfo
2639 1927 2756 1998 jam
2783 1927 2964 1999 Welf;
2988 1944 3040 1982 a.
3075 1926 3235 1993 1088,
3265 1927 3320 1982 in
3361 1927 3493 1996 line,
3525 1928 3615 1982 cui
3637 1943 3760 1984 ωιτη

2151 2020 2306 2074 cessit
2339 2018 2664 2074 Oudalricus
2692 2021 2824 2075 olim
2860 2020 3117 2087 aberant;
3153 2035 3204 2074 a.
3231 2017 3364 2076 1091
3401 2019 3598 2074 ultima
3626 2035 3758 2076 sen-

2151 2111 2323 2167 tentia
2373 2107 2524 2166 Unde
2563 2143 2636 2153 —
2675 2111 2972 2184 deperirent
3013 2097 3140 2168 aliis
3178 2113 3365 2167 locum
3411 2111 3584 2167 dedit.
3633 2109 3760 2169 Hac

2152 2203 2322 2278 igitur
2368 2204 2440 2260 ab
2467 2213 2694 2261 auctore
2722 2206 2844 2276 ipso
2873 2205 2968 2262 sed
3015 2204 3333 2276 apograpbo
3383 2202 3754 2260 Sanblasiaoo

2148 2295 2266 2367 jam
2322 2297 2534 2367 relicto,
2593 2297 2762 2370 igitur
2817 2307 2944 2370 post
2990 2309 3200 2354 annum
3252 2296 3414 2366 1092,
3456 2295 3608 2353 facta
3655 2312 3755 2368 ap-

2145 2395 2330 2460 paret.

2226 2482 2284 2552 4)
2347 2480 2754 2539 Gottwicensis.
2795 2483 2885 2554 11))
2927 2482 3232 2550 Murensis,
3273 2481 3340 2537 ιδ
3369 2481 3410 2553 ”)
3450 2480 3753 2554 Engelbcr»

2153 2573 2337 2642 gensis’
2361 2583 2415 2629 et
2441 2573 2497 2644 5)
2529 2573 2922 2646 Sangallensis,
2954 2589 3121 2644 supra
3161 2589 3322 2646 pagg.
3370 2573 3460 2639 75,
3487 2573 3578 2639 7.1,
3623 2572 3750 2637 261,

2152 2662 2260 2718 205
2289 2665 2482 2732 notati,
2507 2665 2600 2736 qui
2629 2664 2958 2720 Bernuldum
2987 2666 3160 2720 secuti
3189 2665 3458 2736 plurimas
3478 2665 3603 2736 ejus
3625 2679 3752 2720 sen-

2153 2755 2353 2812 tentias
2381 2757 2876 2828 transcripseruut;
2901 2773 3138 2828 quorum
3171 2757 3394 2828 quidem
3423 2755 3750 2830 Sangallen-

2153 2845 2232 2901 sis
2261 2845 2318 2902 in
2367 2847 2546 2902 media
2587 2849 2854 2903 sententia
2895 2848 3027 2902 anni
3078 2846 3235 2914 1.066,
3263 2846 3654 2904 Gottwicensis
3689 2865 3748 2902 a.

2157 2937 2316 3005 1081,
2347 2936 2697 2994 Murensiset
2726 2936 3180 3009 Engelbergensis
3225 2953 3372 2993 anno
3417 2937 3580 2992 1091.
3605 2937 3752 2994 desi-

2155 3038 2313 3085 nunt.
2344 3027 2578 3085 Notitias
2603 3029 2888 3086 codicibus
2927 3031 2982 3098 1,
3023 3029 3110 3097 ib,
3142 3030 3232 3084 4b“
3271 3029 3581 3102 peculiares
3611 3029 3750 3085 indi-

2155 3123 2361 3178 candas
2387 3123 2702 3179 Statuimus.

454 3215 531 3256 :ex
560 3202 1008 3274 Gengenbacensi
1059 3205 1245 3277 (1215)
1305 3206 1401 3260 sed
1446 3221 1601 3276 atque
1651 3213 1815 3276 atque
1857 3204 1947 3258 ille
1987 3219 2056 3258 ex

2225 3213 2536 3272 Editionem
2559 3231 2758 3271 novam
2782 3216 2860 3271 ita
2905 3215 3141 3283 institui,
3173 3223 3234 3270 ut
3277 3221 3436 3270 textu
3491 3213 3742 3269 Bernolzii

463 3296 805 3367 autographa
833 3297 1093 3368 descripti
1115 3306 1266 3366 sunt,
1301 3307 1598 3370 antequam
1641 3299 1772 3354 huic
1813 3298 2051 3355 Scal‘hu-

463 3403 612 3444 sana:
655 3390 863 3447 notitiae
915 3391 1264 3448 adderentur.
1329 3391 1555 3460 Textus,
1601 3393 1818 3464 qualem
1865 3394 2054 3450 codice

465 3477 655 3534 Sancti
679 3478 899 3552 Georgii
929 3481 985 3536 in
1028 3481 1282 3538 incendio
1311 3485 1630 3540 monasterii
1670 3484 1856 3540 Sancti
1886 3485 2054 3542 Blasii

463 3585 516 3625 a.
553 3571 692 3626 1768
736 3573 1030 3644 absumpto
1061 3573 1244 3646 (1211)
1283 3577 1426 3646 apud
1462 3575 1759 3633 Urstisium
1796 3579 2051 3650 legimus,

461 3663 692 3720 vocibus
715 3665 958 3734 omissis,
989 3667 1210 3736 additis,
1241 3670 1466 3725 mutatis
1512 3670 1659 3726 haud
1693 3675 1826 3727 raro
1857 3673 1928 3728 ab
1949 3689 2052 3728 au-

462 3756 732 3826 tographa
775 3759 1010 3826 recedit;
1049 3776 1195 3814 anno
1227 3759 1366 3816 1051
1420 3763 1566 3834 quod
1595 3764 1721 3834 jure
1747 3769 2054 3838 exspectari

464 3855 680 3918 poterat
708 3849 946 3921 elogium
981 3850 1322 3921 Herimanni,
1353 3855 1512 3927 cujus
1534 3856 1660 3913 loco
1689 3857 1744 3913 in
1777 3860 2052 3916 membra-

461 3957 536 3998 na
567 3958 758 4001 arrasa
784 3947 1188 4018 autographum
1215 3947 1320 4003 alia
1353 3948 1468 4020 jam
1494 3931 1734 4020 exhibet,
1775 3953 1832 4008 in
1855 3969 1966 4008 uno
2019 3955 2054 4010 5

451 4035 684 4108 legitur,
710 4045 766 4092 et
799 4054 852 4094 a.
889 4039 1048 4106 1088,
1088 4040 1290 4110 prioris
1317 4042 1544 4114 vestigia
1579 4045 1830 4102 lectionis
1859 4047 2052 4103 hodie-

461 4144 570 4200 que
615 4130 668 4184 in
711 4133 1051 4204 autographa
1095 4143 1360 4204 apparent
1409 4135 1616 4209 (1215).
1668 4137 1840 4210 Digna
1889 4140 2054 4212 igitur

461 4220 569 4277 fuit
608 4221 797 4290 editio,
854 4225 1014 4296 cujus
1064 4225 1354 4294 lectiones,
1399 4229 1732 4302 ubicumque
1781 4234 2054 4292 anteriore

451 4311 718 4380 _Bernoldi
755 4324 906 4371 textu
930 4318 1204 4386 nituntur,
1243 4319 1482 4392 integras
1517 4323 1862 4394 exhiberem;
1904 4329 2052 4397 quod

2147 3307 2224 3362 ad
2251 3307 2414 3363 ﬁdem
2445 3306 2771 3380 autographi
2816 3323 2986 3378 quam
3015 3305 3330 3362 ﬁdelissime
3377 3305 3494 3360 ﬁeri
3538 3315 3746 3376 poterat

2149 3415 2433 3473 expresso,
2461 3401 2798 3471 reliquorum
2813 3401 3066 3457 codicum
3087 3399 3464 3472 supplementa
3489 3408 3545 3454 et
3559 3398 3746 3455 lectio-

2155 3513 2252 3554 nes
2276 3474 2583 3568 praecipuas
2611 3497 2668 3552 in
2698 3497 2810 3553 ima
2843 3497 3042 3568 pagina
3085 3496 3408 3562 indicarem,
3438 3494 3744 3550 adnotatio-

2154 3609 2253 3649 nes
2279 3591 2640 3649 Ussermanni
2683 3593 2770 3648 vel
2799 3603 3011 3664 partem
3039 3608 3232 3649 earum
3262 3593 3310 3648 si
3333 3607 3506 3662 quam
3547 3591 3746 3646 utilita-

2157 3693 2265 3740 tem
2284 3683 2488 3739 aﬂerre
2514 3691 2743 3754 possent
2765 3684 3079 3750 retinerem,
3103 3697 3364 3752 measque
3389 3681 3674 3737 adderem.

2217 3773 2504 3830 Chronico
2534 3775 2589 3829 in
2606 3775 2802 3832 codice
2826 3775 3167 3847 autographa
3202 3773 3510 3828 Bernoldus
3535 3772 3744 3843 praemi—

2153 3867 2227 3924 sit
2244 3864 2650 3938 Necrologium,
2689 3867 2908 3922 diverso
2929 3871 3235 3920 atramento
3264 3864 3472 3934 passim
3501 3871 3740 3927 auctum,

2138 3957 2388 4014 etnotas
2430 3959 2868 4030 chronologicas,
2925 3957 3070 4014 unde
3130 3956 3382 4027 quadam
3431 3957 3526 4012 hic
3582 3956 3742 4011 inseri

2153 4055 2390 4128 placuit;
2446 4065 2562 4110 tum
2613 4056 2924 4128 catalogum
2972 4053 3348 4109 Romanorum
3401 4055 3739 4125 pontiﬁcum,

2155 4151 2224 4207 ad
2248 4149 2571 4222 Gregorium
2603 4150 2719 4218 VII,
2756 4159 2812 4207 et
2832 4135 3070 4208 decursu
3098 4151 3364 4222 temporis
3400 4152 3471 4207 ad
3498 4136 3740 4208 Pascha~

2151 4245 2260 4300 lem
2302 4242 2370 4310 ll,
2398 4258 2578 4314 usque
2619 4245 2966 4314 productum,
2989 4260 3160 4314 quem
3190 4245 3498 4300 monachus
3523 4245 3741 4316 quidam

2153 4334 2532 4408 Scathusanus
2557 4352 2732 4411 usque
2757 4337 2826 4392 ad
2850 4336 3118 4394 Calistum
3143 4336 3212 4404 11,
3236 4346 3424 4408 postea
3451 4339 3742 4422 continua-

463 4403 539 4458 ibi
566 4412 776 4461 tantum
804 4409 988 4475 omisi,
1015 4410 1109 4464 ubi
1135 4419 1358 4481 apertus
1379 4412 1586 4468 librarii
1605 4415 1692 4470 vel
1713 4415 1939 4473 editoris
1958 4433 2050 4474 cr-
2103 4468 2105 4472 .
2143 4427 2248 4482 vit.
2276 4425 2410 4492 Qum
2439 4403 2510 4480 ab
2531 4403 2754 4483 (Eielio
2782 4428 2838 4482 in
2885 4426 2986 4484 SS.
3031 4403 3293 4496 Bavar.-l,
3341 4429 3448 4484 040
3471 4413 3740 4501 _Sqq.'pri~

463 4513 575 4613 ξος,
614 4515 754 4613 θοιὲο
811 4501 866 4580 in
896 4503 1104 4613 ’ξυέίηιὶδ
1137 4503 1257 4558 loco
1287 4505 1864 4613 iiii-tfeiutoris‘ll‘ltﬁ),
1898 4520 2052 4582 pate-
2080 4541 2129 4613 Β
2154 4533 2304 4572 ιιιιιιιι
2325 4517 2630 4586 θὰἱιει,’1ιίο,
2669 4519 2996 4575 auctoritate
3025 4521 3228 4578 codicis
3257 4522 3590 4594 autographi
3615 4535 3742 4577 suc-

465 4588 576 4684 bat,
609 4591 693 4645 vel
732 4607 837 4684 vox
863 4589 1042 4665 aliqua
1076 4605 1270 4650 notavc
1303 4597 1484 4670 (1217)
1509 4599 1832 4670 negligentia
1860 4604 2052 4661 scriba:
2080 4588 2129 4613 υ
2157 4611 2407 4667 cessione
2434 4612 2756 4668 notitiarnm
2785 4613 2959 4668 textui
2987 4615 3252 4684 primario
3273 4631 3306 4671 a
3337 4588 3610 4671 Bernoldo
3645 4615 3740 4680 ad-

443 4681 670 4738 .omissa
691 4683 1005 4755 videbatur;
1039 4688 1135 4759 qui
1163 4688 1442 4746 nonnullis
1472 4691 1528 4746 in
1557 4691 1694 4749 locis
1714 4701 1772 4750 et
1791 4695 1892 4752 sibi
1918 4712 2049 4766 pre-
2143 4687 2399 4759 editorum
2427 4685 2674 4760 numeris
2718 4704 2956 4762 indicata
2988 4681 3047 4761 et
3067 4706 3346 4775 subjectis
3374 4699 3740 4764 additionibus

613 4778 842 4839 inseruit
873 4782 1074 4855 (1218).
1313 4793 1318 4796 ’
1347 4860 1352 4866 _
1605 4865 1608 4868 Α
1765 4855 1775 4862 _
1983 4873 1988 4877 4
2157 4796 2364 4854 codicis
2389 4797 2888 4870 Gengenbacensis,
2914 4781 3322 4882 -proponimus.-
3424 4836 3434 4844 ι

1998 4934 2241 5028 norm."
2324 4997 2332 5001 -
2400 4960 2402 4964 '

1464 5194 1477 5206 .
1551 5157 1606 5206 .-
2228 5114 2894 5206 delita-5411091.
2991 5167 2998 5174 -

1302 5194 1601 5265 peculiaria
1633 5210 1742 5250 non
1761 5196 1954 5264 habet,
1999 5209 2055 5253 et
2139 5218 2146 5223 ο
2458 5202 2779 5302 ἑ.1095.ωτ

2254 5253 2415 5302 acii-ﬁ
2458 5253 2524 5302 ir'
2551 5253 2856 5302 Ilvam.
2900 5279 2968 5302 -,.-
2995 5253 3094 5302 nar.
3147 5277 3236 5302 ..ιά
3438 5275 3711 5302 γεηληιτη.

461 5149 464 5152 ~
539 5119 864 5264 fatigatio
889 5137 991 5190 pro
1021 5122 1253 5193 quando.

469 5199 474 5204 '
508 5261 519 5264 _
563 5190 703 5264 1215
761 5191 908 5264 Loca
933 5193 1085 5264 enim
1128 5193 1253 5249 huic

469 5199 474 5204 '
539 5190 724 5249 (1215)
761 5191 908 5244 Loca
933 5190 1078 5246 enim
1128 5193 1256 5249 huic

455 5275 498 5302 θ
508 5260 558 5302 Η
572 5260 693 5302 imm
723 5261 927 5302 (unique-
964 5262 1184 5302 mrhihnr
