3986 5312
231 373 370 432 H89

624 487 700 542 De
736 485 1011 540 lunaribus
1052 483 1404 556 regularibus.

297 579 527 653 Egiptii
556 587 609 636 et
640 578 896 643 Romani,
936 592 968 631 a
998 576 1203 646 quibus
1232 576 1536 631 calculandi
1566 576 1814 647 peritiam

226 674 589 746 sumpsimus,
609 687 772 743 quem
804 670 1044 741 primum
1067 669 1526 725 decennovcnalis
1550 670 1688 741 cycli
1717 684 1818 724 an-

225 784 361 826 num
384 767 587 824 habere
622 764 997 830 instituerunt,
1022 761 1269 832 ejusdem
1294 762 1423 816 anni
1469 760 1816 817 kalendarias

226 866 372 921 luna:
398 870 589 919 aetates
610 874 709 932 pro
733 858 1078 929 regularibus
1115 871 1214 927 per
1242 864 1416 910 totum
1456 854 1689 909 eundem
1719 868 1815 924 cy-

224 958 374 1014 cium
402 965 587 1011 tenere
617 953 1010 1016 decreverunt;
1059 956 1115 1003 et
1149 964 1180 1003 a
1221 962 1571 1019 quacumque
1618 945 1818 1000 Kalen-

222 1049 424 1103 darum
458 1059 665 1099 annum
693 1040 925 1097 eundem
958 1039 1166 1096 iniciati
1204 1046 1354 1104 sunt,
1405 1038 1561 1107 prius
1614 1036 1816 1092 saltqu

225 1140 373 1194 luna:
425 1138 870 1205 absumpserunt.
903 1130 1068 1187 Verbi
1110 1130 1286 1201 gratia
1320 1148 1333 1184 :
1375 1128 1609 1183 Romani
1644 1143 1675 1182 a
1721 1126 1815 1182 Ja-

224 1232 443 1297 nuario,
474 1227 698 1300 Egiptii
736 1240 866 1280 vero
910 1239 943 1278 a
974 1221 1305 1293 Septembri,
1344 1221 1549 1276 scilicet
1579 1228 1820 1290 quatuor

223 1324 499 1380 mensium
532 1320 695 1375 altius
733 1318 1075 1383 inchoantes,
1112 1315 1288 1381 alteri,
1330 1314 1383 1368 id
1428 1322 1515 1369 est
1560 1311 1815 1381 Romani,
1870 1322 1878 1330 ‘

222 1416 279 1471 i'n
328 1414 605 1471 tricesima
645 1410 990 1477 Novembris,
1040 1408 1217 1474 alteri,
1263 1406 1317 1463 id
1345 1416 1425 1463 est
1467 1405 1714 1478 JEgiptii,
1764 1406 1819 1459 in

223 1508 509 1563 tricesima
555 1504 685 1560 Julii
729 1503 930 1558 saltum
966 1500 1200 1557 eundem
1232 1498 1604 1570 perfecerunt;
1648 1508 1703 1553 et
1744 1497 1818 1552 ita

222 1600 445 1669 utrique
478 1597 639 1669 primi
676 1596 763 1651 sui
788 1594 919 1650 anui
954 1592 1279 1648 kalendares
1313 1592 1455 1646 lunae
1494 1599 1683 1646 aetates
1720 1606 1819 1660 pro

221 1691 569 1762 regularibus
606 1689 978 1754 instituentes,
1021 1694 1082 1741 ut
1113 1684 1495 1757 praiseriptum
1521 1693 1623 1751 est,
1671 1683 1822 1739 ordi-

221 1790 514 1841 naverunt.
1772 1769 1817 1776 ⁷”

683 1872 757 1930 De
793 1871 1124 1943 regularibus
1152 1879 1388 1943 patrum.

296 1966 407 2022 Sed
444 1967 562 2037 jam
597 1974 792 2021 notum
842 1972 946 2030 est,
986 1962 1322 2019 Herimanno
1362 1960 1820 2032 eompntistarum

221 2060 594 2114 subtilissimo
645 2057 998 2124 dilucidante,
1053 2056 1290 2126 primum
1329 2054 1822 2110 decemiovennalis

221 2153 368 2223 cycli
397 2166 605 2207 annum
629 2166 662 2206 a
683 2149 928 2221 paschali
958 2147 1240 2203 novilnnio
1267 2146 1323 2201 in
1360 2146 1415 2200 2.
1446 2144 1584 2201 Non.
1618 2146 1821 2216 Aprilis

220 2252 411 2314 patres
446 2244 725 2314 antiquos,
750 2241 1007 2314 IEgiptiis
1049 2240 1217 2297 etiam
1259 2240 1503 2311 quinque
1550 2240 1821 2296 mensium

217 2336 394 2395 altius
422 2333 738 2403 inchoasse,
770 2334 979 2391 scilicet
1017 2349 1084 2388 eo
1125 2349 1289 2399 anno,
1321 2347 1433 2402 quo
1476 2332 1530 2386 in
1565 2331 1822 2388 Kalendis

218 2427 454 2484 Januar.
486 2428 807 2483 vicesimam
852 2425 1143 2497 septimam
1195 2426 1381 2480 lunam
1433 2425 1821 2496 pronunciant,

218 2520 278 2576 in
306 2534 422 2592 quo
443 2528 498 2575 et
524 2508 728 2576 saltum
754 2520 899 2575 luna:
920 2518 977 2574 in
1011 2520 1064 2575 '5.
1098 2516 1217 2573 Kal.
1244 2517 1475 2589 Augusti
1501 2517 1820 2584 absumunt,

218 2627 395 2683 quem
429 2613 595 2668 etiam
631 2629 769 2669 usus
795 2612 1039 2683 vulgaris
1061 2611 1335 2667 decimum
1369 2626 1575 2665 nonum
1593 2626 1823 2681 compu-

220 2712 324 2760 tat.
350 2704 613 2773 Quamvis
642 2706 809 2777 igitur
832 2705 1022 2760 eodem
1060 2718 1207 2759 anno
1231 2702 1535 2759 secundum
1566 2703 1825 2772 antiquos

221 2802 419 2867 patres
446 2797 646 2867 primo,
694 2797 895 2869 cuique
926 2796 1296 2851 Kalendarum
1334 2810 1560 2850 suarum
1614 2794 1825 2851 lunaris

220 2897 364 2945 aetas
389 2889 694 2944 secundum
723 2896 963 2960 :epactas
994 2903 1212 2958 semper
1253 2887 1509 2953 sulliciat,
1533 2887 1616 2942 vel
1658 2887 1825 2942 etiam

220 2978 371 3037 Μειἰο
394 2981 860 3053 superhabundet,
890 2980 1098 3037 scilicet
1125 2979 1297 3051 Aprili
1322 2979 1584 3035 vicesimo
1610 2989 1823 3046 octavo,

223 3071 377 3128 hlaio
400 3072 664 3128 vicesimo
712 3089 881 3140 nono,
912 3072 1077 3128 Junio
1104 3071 1405 3139 tricesimo,
1443 3071 1588 3127 Julio
1623 3072 1824 3143 primo,

219 3164 478 3237 Augusto
528 3167 717 3235 tercio,
775 3164 1081 3238 Septembri
1123 3166 1336 3237 quinto,
1374 3174 1429 3220 ct
1477 3166 1704 3237 reliquis
1757 3168 1824 3222 ad

221 3256 446 3327 Apriles
475 3272 650 3328 usque
689 3257 979 3326 Kalendas,
1016 3260 1353 3330 quicumque
1386 3268 1567 3315 tamen
1600 3259 1822 3315 easdem

218 3351 578 3425 halendarias
614 3352 757 3408 lunae
786 3362 973 3409 aetates
1002 3368 1102 3423 pro
1136 3352 1480 3424 regularibus
1512 3360 1698 3408 tenere
1725 3353 1822 3408 de-

220 3446 425 3512 cernit,
454 3446 684 3518 singulis
725 3445 977 3502 zetatibus
1009 3445 1378 3501 Kalendarum
1404 3454 1641 3516 quatuor
1668 3462 1823 3501 men-

222 3539 374 3595 sium
415 3539 743 3610 primorum,
786 3539 915 3612 quia
968 3538 1022 3593 in
1081 3538 1168 3593 his
1222 3539 1394 3595 saltus
1432 3538 1594 3606 lunze,
1624 3538 1717 3609 qui
1767 3554 1826 3595 se

223 3632 631 3703 subsequentes
678 3647 894 3702 semper
958 3632 1195 3702 majores
1234 3630 1396 3687 ellieit
1440 3641 1649 3688 a:tates.
1684 3648 1825 3686 non—

225 3726 363 3781 dum
398 3733 716 3781 transactus
755 3734 860 3792 est,
897 3726 1187 3780 monadem
1220 3740 1389 3779 unum
1430 3725 1678 3796 augendo
1726 3732 1824 3780 ad-

223 3817 359 3880 dat;
395 3818 585 3890 sicque
610 3815 866 3889 priefatas
893 3817 1138 3889 ejusdem
1166 3817 1294 3872 anni
1323 3814 1646 3874 kalendares
1687 3818 1829 3873 lnnze

224 3921 424 3967 tetates
462 3927 561 3981 pro
592 3911 958 3983 regularibus,
986 3912 1224 3965 maxime
1262 3919 1319 3965 ut
1348 3926 1445 3980 per
1476 3911 1828 3967 embolismo-

228 4016 357 4060 rum
418 4005 666 4061 ordinem
702 4004 965 4062 elucescit
994 4004 1413 4076 principalibus,
1445 4005 1497 4058 in
1530 4005 1710 4075 primo
1738 4021 1828 4061 re—

226 4100 488 4169 gularum
516 4099 963 4169 praescriptarum
996 4097 1186 4153 ordine
1234 4096 1302 4150 ab
1330 4096 1503 4166 Aprili
1538 4097 1829 4152 exordiens

229 4189 516 4260 disponat.
543 4187 669 4243 llatc
697 4188 764 4243 de
792 4186 1141 4259 regularibus
1164 4194 1401 4256 patrum.
1720 4203 1727 4210 ·

303 4282 556 4339 Primum
583 4299 711 4338 vero
734 4282 1119 4338 embolismum
1154 4296 1396 4335 mensem
1426 4280 1597 4335 tereio
1631 4282 1833 4337 abhinc

226 4394 383 4434 anno
396 4378 448 4432 4.
462 4375 601 4433 Non.
618 4376 965 4443 Decembres,
981 4376 1280 4431 secundum
1299 4385 1452 4429 sexto
1464 4390 1609 4429 anno
1622 4377 1673 4431 4.
1688 4375 1828 4431 Non.

230 4472 607 4545 Septembres,
652 4470 887 4527 tercium
921 4480 1113 4525 octavo
1148 4484 1293 4523 anni
1318 4468 1372 4522 2.
1407 4466 1545 4522 Non.
1585 4467 1829 4536 illartias,

1122 372 1407 428 ΜῬΖΞΝΞ).
1449 371 1532 426 Ill.
1576 403 1643 411 —-
1682 371 2115 428 ΜΟΧΕΜΕΝῪΑ
2153 364 2620 428 GREGOMANA.

3373 366 3514 429 i280

1845 487 1895 545 Α
1919 483 2067 539 hunc
2106 483 2348 540 modum.
2382 484 2539 552 Quod
2571 487 2753 540 autem
2784 484 2896 542 duo
2945 483 3256 541 emlolismi
3303 487 3516 543 scilicet

1917 575 2181 647 ogdoadis
2224 587 2279 631 et
2316 578 2610 633 endecadis
2642 586 2753 632 tam
2805 578 3108 633 secundum
3147 578 3421 652 IEgiptios
3460 590 3517 634 et

1919 666 2198 723 Romanos
2239 683 2407 739 quam
2452 670 2618 725 etiam
2671 671 2972 725 secundum
3026 679 3209 741 patres
3256 672 3527 742 antiquos.

1918 759 2168 815 stabilem
2201 762 2286 816 sui
2346 763 2554 818 tenoris
2602 762 2852 818 ordinem
2898 761 3154 831 retinent,
3198 764 3251 819 id
3292 765 3365 820 ob
3408 765 3517 821 hoc

1917 852 2120 917 evenit,
2145 854 2292 921 quod
2341 854 2397 909 in
2441 855 2547 910 line
2593 870 2866 910 anno.um
2893 863 3111 925 patrum
3157 856 3514 927 antiquorum

1919 943 2295 999 innectuntur.
2335 944 2488 1002 Finis
2516 947 2662 1002 enim
2693 946 2824 1001 anni
2869 947 3164 1017 cujuslibet
3209 949 3515 1003 secundum

1919 1037 2177 1107 antiquos
2205 1053 2341 1108 pene
2367 1038 2697 1109 principium
2743 1048 2827 1095 est
2873 1041 3176 1096 secundum
3210 1039 3513 1104 Romanos,

1919 1128 2049 1200 quia
2077 1129 2237 1200 quia
2285 1131 2636 1201 paschalibus
2688 1132 2986 1187 noviluniis
3012 1133 3258 1188 lunarem
3305 1150 3513 1192 annum

1920 1221 2162 1289 incoant,
2190 1231 2243 1277 et
2271 1224 2338 1277 ad
2362 1224 2553 1279 eadem
2585 1225 2872 1291 reducunt,
2903 1224 3228 1281 Januarium
3265 1226 3511 1285 Februa-

1920 1316 2065 1371 rium
2087 1325 2141 1371 ct
2184 1314 2441 1371 Martium
2474 1317 2698 1373 ultimos
2744 1335 3019 1374 annorum
3066 1319 3365 1375 eorundem
3394 1334 3517 1376 esse

1920 1409 2355 1479 deprehendunt.
2390 1409 2531 1469 Sunt
2568 1412 2792 1482 quidam
2840 1413 2936 1483 qui
2979 1412 3226 1483 inquisiti
3274 1412 3518 1484 prmlatis

1920 1503 2372 1559 enibolismorum
2403 1504 2795 1560 controversiis
2825 1506 2929 1559 hac
2967 1505 3180 1560 ratione
3208 1505 3517 1571 medentur,

1922 1595 2067 1666 quod
2096 1606 2385 1667 postquam
2415 1614 2446 1651 a
2470 1596 2789 1668 Septembie
2819 1604 3041 1667 epactas
3069 1597 3352 1667 sequentis
3387 1597 3518 1651 anni

1921 1703 1953 1742 a
1984 1687 2246 1742 Jantmrio
2272 1690 2574 1744 secundum
2595 1689 2875 1760 vulgarem
2901 1705 3064 1743 usum
3094 1688 3389 1743 inchoandi
3422 1688 3511 1741 in-

1922 1781 2187 1850 ecperint,
2219 1781 2471 1851 quamvis
2510 1781 2563 1836 in
2617 1780 3005 1852 martirologiis
3048 1779 3326 1852 aliquibus
3372 1796 3521 1836 anno

1922 1873 2248 1942 przeeedenti
2298 1883 2651 1940 annotentur,
2694 1889 2801 1927 non
2854 1874 3152 1943 incongrue
3211 1873 3280 1928 ad
3326 1874 3522 1929 subse-

1921 1974 2179 2034 quentem
2212 1965 2485 2035 pertinere
2514 1965 2823 2021 vidcantur.
2878 1965 2986 2019 Sed
3032 1964 3163 2021 huic
3210 1964 3522 2023 defensioni

1922 2056 2099 2112 libens
2128 2058 2515 2123 censentirem,
2538 2059 2585 2111 si
2616 2058 2957 2114 embolismis
2979 2059 3192 2114 cunctis
3221 2060 3362 2114 hanc
3385 2075 3521 2131 pro-

1923 2150 2084 2204 desse
2116 2149 2538 2220 perspexissent.
2567 2147 2669 2216 Sit,
2701 2152 2746 2206 si
2770 2151 2955 2221 aliquo
2979 2152 3144 2206 modo
3177 2150 3295 2206 ﬁeri
3324 2149 3520 2221 possit.

1926 2239 2020 2295 Set
2046 2249 2263 2296 sextum
2288 2241 2676 2297 embolismum
2713 2242 2765 2297 4.
2794 2240 2937 2297 Non.
2962 2242 3102 2313 Aug.
3130 2241 3522 2313 interpositum

1925 2332 2012 2389 cui
2044 2344 2178 2403 rogo
2211 2348 2485 2389 annorum
2530 2334 2806 2389 ascribere
2833 2334 3061 2389 volunt?
3085 2332 3172 2389 An
3201 2333 3291 2388 cui
3327 2334 3524 2389 attritu-‘-

1925 2426 2068 2479 latus
2098 2425 2227 2479 est?
2253 2425 2463 2480 scilicet
2484 2435 2639 2481 sexto
2660 2425 2875 2481 decimo
2910 2442 2981 2481 an
3016 2426 3251 2497 septimo
3288 2420 3528 2483 decimo?

1927 2515 1987 2571 Si
2063 2526 2220 2572 sexto
2274 2517 2508 2584 decimo,
2558 2520 2738 2574 sciant
2780 2533 2908 2573 cum
2965 2533 3249 2590 nunquam
3286 2516 3529 2591 regulari

1901 2611 2117 2665 ordine
2164 2612 2549 2666 embolismum
2586 2612 2845 2682 recipere.
2901 2609 2959 2665 Si
3011 2608 3246 2681 septimo
3284 2612 3524 2681 decimo,

1926 2703 2296 2770 meminerint,
2352 2719 2409 2759 se
2461 2714 2684 2774 epactas
2727 2703 2857 2758 anni
2920 2703 3095 2773 ipsius
3144 2703 3392 2759 nondum
3436 2705 3527 2760 in-

1926 2795 2178 2850 choasse.
2204 2794 2299 2851 Set
2326 2796 2468 2851 hanc
2487 2794 2850 2865 qumstionem
2866 2810 2994 2850 cum
3024 2794 3176 2849 nullo
3205 2796 3373 2852 modo
3393 2811 3534 2867 pra:-

1927 2888 2143 2943 valeant
2165 2888 2425 2955 enodare,
2455 2886 2733 2943 fateantur
2755 2902 2979 2943 necesse
3007 2896 3092 2944 est
3136 2887 3371 2944 rationis
3413 2903 3531 2946 sua:

1927 2979 2194 3035 medelam
2233 2996 2343 3035 non
2390 2980 2677 3051 proﬁcere,
2727 2979 2824 3037 sed
2866 2994 3106 3047 errasse,
3141 2988 3199 3036 et
3238 2980 3406 3051 hujus
3446 2980 3531 3038 rei

1927 3071 2211 3128 veritatem
2255 3073 2523 3129 hactenus
2568 3073 2875 3145 ignorasse,
2906 3088 3114 3144 eosque
3150 3074 3386 3144 posthac
3426 3088 3531 3130 ue-

1926 3181 2078 3221 cesse
2097 3176 2181 3221 est
2211 3166 2262 3220 in
2296 3165 2612 3237 linjusmodi
2640 3167 3146 3237 compntationibus
3172 3174 3357 3237 patres
3378 3167 3496 3224 anti
3523 3195 3532 3204 -

1925 3272 2066 3327 quos
2122 3258 2277 3327 sequi
2331 3258 2514 3327 potius
2566 3272 2733 3328 quam
2782 3257 3083 3312 Romanos.
3136 3255 3315 3327 Hujus
3361 3255 3531 3330 igitur

1924 3349 2249 3419 quaestionis
2272 3348 2551 3421 perplexio
2578 3347 2738 3405 facile
2765 3349 3018 3415 solvitur,
3042 3348 3090 3404 si
3116 3348 3434 3420 diligentius
3457 3346 3531 3403 a1

1927 3434 2212 3498 sententiie
2238 3450 2443 3498 nostra:
2472 3442 2758 3514 superiora
2785 3442 3005 3498 animus
3044 3440 3361 3497 reducatur.
3390 3439 3529 3496 Nam

1928 3536 2009 3590 sic
2030 3536 2471 3591 undevicesimus
2494 3534 2870 3591 Romanorum
2893 3550 3073 3589 annus
3087 3534 3392 3589 dinoscitur
3406 3546 3531 3591 esse

1927 3628 2159 3697 primus,
2175 3631 2253 3685 sic
2274 3629 2486 3700 primus
2531 3643 2654 3686 esse
2680 3627 2975 3695 secundus,
3011 3635 3064 3682 et
3095 3627 3373 3683 secundus
3416 3638 3528 3683 ter-

1928 3737 2048 3777 ClllS
2067 3742 2081 3790 ;
2103 3723 2405 3794 eodemque
2427 3722 2663 3796 regulari
2695 3721 2912 3777 tramite
2936 3720 3190 3787 deducto,
3227 3729 3416 3776 sextus
3433 3721 3530 3775 tle-'-

1929 3814 2108 3870 cinius
2124 3817 2334 3872 ratione
2358 3814 2670 3873 necessaria
2689 3813 3120 3885 deprehenditur
3136 3829 3258 3869 esse
3282 3813 3530 3870 decimus

1933 3908 2223 3979 septimus.

2218 3988 2303 4053 De'
2322 4001 2559 4053 utilitate
2590 3997 2864 4052 lunarium
2892 3998 3237 4069 regularmm.

2006 4088 2061 4147 Si
2088 4091 2225 4147 forte
2268 4098 2321 4146 et
2366 4092 2469 4145 hoc
2515 4089 2832 4161 requiritur,
2866 4090 2998 4160 quid
3040 4088 3252 4159 praefati
3309 4090 3532 4145 lunares

1937 4201 2127 4240 omnes
2154 4200 2247 4255 per
2275 4199 2332 4240 se
2366 4184 2582 4239 valeant
2621 4184 2921 4253 regulares,
2966 4181 3249 4236 sciendum
3290 4190 3393 4247 est,
3425 4179 3532 4236 hoc
3593 4202 3604 4212 -

1935 4277 2541 4348 spccialiterintimaie,
2569 4284 2736 4346 quota
2778 4275 2909 4329 luna
2955 4274 3028 4328 sit
3078 4274 3135 4328 in
3171 4272 3431 4329 Kalendis
3463 4288 3532 4328 eo

1936 4388 2082 4428 anno
2103 4388 2213 4441 quo
2239 4370 2401 4425 nulla:
2425 4380 2556 4425 sunt
2575 4376 2800 4438 epactaa,
2815 4366 3056 4437 exceptis
3079 4374 3315 4437 quatuor
3336 4364 3532 4436 primis

1941 4454 2157 4535 patrum
2198 4462 2549 4533 antiquorum
2583 4459 2944 4533 regularibus,
2978 4459 3072 4529 qui
3116 4460 3186 4514 ob
3213 4456 3530 4529 praedictam

229 4540 499 4640 quartum
527 4566 816 4625 undecimo
848 4580 994 4620 anno
1015 4564 1070 4618 2.
1108 4560 1247 4616 Non.
1291 4560 1617 4618 Decembres
1652 4564 1736 4617 vel
1772 4564 1825 4618 5.
1866 4540 1910 4593 D
1936 4558 2108 4612 saltus
2154 4555 2395 4609 nondum
2430 4552 2690 4608 lransacti
2753 4552 3016 4607 rationem
3071 4550 3264 4606 eodem
3313 4563 3533 4619 semper

230 4660 381 4717 Non.
421 4661 734 4729 Januarias,
779 4660 1034 4730 quintum
1095 4657 1310 4713 decimo
1350 4666 1549 4727 quarto
1599 4672 1747 4716 anno
1772 4660 1824 4713 Il.

198 4735 381 4813 ‘Non.
421 4755 776 4821 Novembres,
799 4762 1015 4810 sextum
1043 4750 1259 4807 decimo
1299 4752 1531 4821 septimo
1574 4765 1721 4806 anno
1775 4752 1828 4805 4.

230 4848 380 4907 Non.
407 4849 703 4922 Augustas,
727 4847 1019 4918 septimum
1044 4844 1450 4901 undevicesimo
1477 4860 1621 4899 armo
1642 4844 1835 4900 (inien-

233 4952 351 4999 tcm
381 4944 433 4997 5.
464 4940 609 4997 Non.
631 4940 854 4995 Martias
875 4940 1244 5010 interponunt.

563 5057 644 5113 De
670 5057 1031 5112 controversia
1062 5053 1514 5111 embolismorum.

835 5158 1012 5170 A-_‘----
1045 5149 1338 5170 -_-..-!4-.-
1371 5161 1434 5170 Α-
1466 5145 1685 5170 λζιέι-α--.

1936 4665 2082 4704 anno
2115 4648 2488 4710 minorantur;
2514 4643 2729 4701 caneris
2773 4659 2902 4699 vero
2946 4643 3107 4697 annis
3148 4639 3216 4696 ad
3251 4639 3532 4709 regulares

1937 4743 2156 4797 eosdem
2184 4740 2511 4811 adjiciantur
2531 4746 2750 4810 :cpacta:
2777 4735 2904 4792 anni
2938 4733 3241 4805 praesentis,
3258 4742 3312 4786 et
3329 4728 3534 4802 quOtns

1942 4833 2082 4890 infra
2133 4833 2357 4905 triginta
2396 4829 2745 4897 remanserit,
2785 4829 2869 4885 vel
2903 4827 3043 4883 ultra
3074 4824 3301 4898 triginta
3344 4840 3534 4879 nume-

1942 4946 2039 4987 rns
2066 4928 2388 4994 excreverit,
2417 4923 2624 4995 rejecto
2660 4922 2953 4980 tricenario
2977 4933 3088 4980 tota
3117 4917 3327 4977 lunatio
3349 4917 3403 4971 in
3428 4917 3537 4972 Ka—

1940 5023 2115 5103 lendis
2141 5020 2263 5081 erit.

2544 5132 2621 5172 η.
2647 5136 2783 5172 οηΙΙυ
2812 5128 2950 5172 Imm-
