3986 5312
263 115 403 174 1295

1150 116 1434 174 APPEND.
1476 115 1563 172 111.
1606 148 1674 158 --
1711 111 2147 172 HONUMENTA
2184 115 2648 174 GREGORIANA.

3392 117 3532 177 1294

306 230 388 286 17.
428 227 668 286 Kalistus
715 237 909 284 martir
951 214 1122 284 annis
1168 231 1223 296 5,
1273 231 1558 285 mensibus
1587 230 1642 283 2.
1681 229 1845 284 Juxta
1873 234 1920 290 Α
1980 227 2069 282 58.
2110 227 2259 283 Felix
2288 229 2381 283 2η·
2427 230 2621 285 martir
2656 239 2805 287 anno
2841 244 2972 295 uno,
3011 229 3294 287 mensibus
3329 233 3530 301 tribus,

423 319 684 376 chronica
710 317 931 376 Eusebii
956 335 1132 390 usque
1182 321 1251 375 ad
1291 321 1512 376 tertium
1550 319 1842 376 Alexandri

385 449 392 454 -
412 426 646 466 annum.

296 503 381 558 18.
423 500 678 557 Urbanus
715 512 908 557 martir
935 503 1094 557 annis
1116 503 1171 569 8,
1221 504 1502 559 mensibus
1545 501 1629 558 10.
1679 502 1842 559 Juxta

426 595 684 649 chronica
700 593 921 649 Eusebii
946 610 1124 666 usque
1143 595 1213 651 ad
1233 595 1585 651 undecimum
1605 594 1842 652 Alexan-

422 685 513 747 dri
547 701 774 740 annum.

296 775 382 830 19.
422 774 722 832 Pontianus
751 778 945 832 martir
973 793 1134 834 annis
1178 775 1234 845 6,
1275 777 1558 833 mensibus
1585 777 1638 832 5.
1677 775 1842 833 Juxta

421 868 680 923 chronica
711 866 932 923 Eusebii
961 883 1136 939 usque
1186 869 1254 924 ad
1296 869 1517 925 tertium
1558 867 1842 923 Maximini

425 975 653 1014 annum.

287 1048 381 1104 20.
423 1050 697 1106 Antherus
744 1051 937 1105 martir
994 1067 1184 1107 mense
1226 1066 1366 1120 uno;
1427 1051 1522 1123 qui
1571 1050 1629 1107 in
1681 1051 1844 1107 tertio

425 1142 703 1198 Maximini
732 1160 876 1198 anno
904 1160 1102 1214 passus
1130 1154 1234 1200 est.

287 1234 377 1289 2|.
419 1233 693 1290 Fabianus
716 1236 910 1291 martir
930 1237 1089 1292 annis
1109 1235 1279 1292 ferme
1297 1237 1396 1305 45;
1425 1236 1521 1309 qui
1550 1236 1654 1292 sub
1677 1235 1842 1293 Decio

424 1343 619 1396 passus
643 1335 746 1382 est.

287 1418 379 1472 22.
420 1419 707 1475 Cornelius
729 1421 921 1475 martir
943 1420 1103 1475 annis
1130 1419 1366 1487 duobus,
1390 1421 1670 1476 mensibus
1701 1421 1842 1476 duo-

422 1511 556 1577 bus;
587 1512 682 1582 qui
713 1512 818 1567 sub
840 1509 1152 1580 Valeriano,
1187 1511 1274 1567 vel
1302 1520 1362 1567 ut
1396 1511 1489 1567 alii
1517 1513 1620 1568 sub
1651 1511 1835 1581 Decio,

422 1614 620 1672 passus
643 1611 744 1659 est.

287 1693 379 1748 25.
422 1693 623 1750 Lucius
651 1696 844 1751 martir
872 1694 1034 1753 annis
1061 1697 1116 1764 5,
1146 1695 1430 1752 mensibus
1468 1697 1522 1763 5,
1560 1711 1735 1766 usque
1768 1695 1838 1753 ad

420 1787 659 1857 primum
683 1785 956 1842 Valeriani
985 1803 1211 1842 annum.
1249 1786 1413 1843 Juxta
1441 1787 1700 1843 chronica
1726 1786 1842 1842 Eu-

422 1877 556 1933 sebii
589 1887 802 1934 tantum
833 1879 866 1934 8
895 1880 1199 1935 mensibus.

286 1970 380 2024 24.
424 1968 733 2042 Stephanus
771 1971 970 2026 martir
999 1972 1161 2027 annis
1198 1971 1253 2039 6,
1284 1972 1566 2028 mensibus
1595 1971 1648 2026 5.
1679 1969 1844 2028 Juxta

419 2062 677 2118 chronica
707 2061 930 2118 Eusebii
960 2063 1122 2118 annis
1149 2062 1346 2118 tribus.

284 2153 380 2210 25.
422 2152 610 2210 Sixtus
634 2155 732 2208 2η·
764 2155 958 2209 martir
981 2169 1125 2212 anno
1167 2170 1298 2220 uno,
1344 2154 1629 2210 mensibus
1670 2154 1844 2210 ferme

357 2280 362 2283 -
402 2246 488 2314 11,
514 2253 638 2316 post
661 2246 808 2302 hunc
835 2246 1173 2318 praefuerunt
1191 2247 1498 2318 presbiteri.
1517 2245 1578 2302 In
1617 2247 1844 2302 chroni«

417 2337 499 2391 cis
532 2335 754 2392 Eusebii
789 2337 948 2393 annis
976 2335 1064 2407 11,
1090 2353 1268 2412 usque
1307 2338 1377 2393 ad
1423 2339 1566 2393 14υω
1608 2335 1842 2393 Gallieni

421 2444 649 2484 annum.

291 2517 382 2574 26.
425 2519 708 2577 Dionisius
733 2523 894 2579 annis
920 2522 974 2591 6,
997 2521 1282 2579 mensibus
1303 2521 1541 2590 duobus,
1571 2526 1745 2592 usque
1773 2519 1843 2576 ad

426 2611 562 2666 15η·
617 2612 849 2668 Gallieni
901 2629 1127 2671 annum.
1183 2612 1245 2669 In
1294 2613 1573 2669 chronicis
1619 2609 1843 2668 Eusebii

419 2703 582 2759 annis
610 2703 666 2774 9,
700 2721 875 2777 usque
901 2706 971 2761 ad
1003 2705 1242 2777 primum
1271 2703 1436 2760 Probi
1461 2719 1686 2760 annum.

285 2791 382 2847 27.
424 2793 576 2850 Felix
604 2797 798 2852 martir
817 2797 976 2854 annis
1009 2797 1066 2865 4,
1089 2796 1373 2853 mensibus
1392 2795 1563 2852 ferme
1585 2796 1639 2863 4,
1664 2808 1842 2865 usque

425 2887 490 2942 ad
519 2888 742 2944 tertium
766 2887 1046 2944 Aureliani
1069 2903 1297 2944 annum.
1331 2887 1387 2942 1n
1419 2887 1695 2944 chronicis
1723 2885 1837 2940 Eu-

1879 1593 1916 1652 Β

423 2980 557 3035 sebii
594 2981 754 3036 annis
777 2981 830 3049 5,
860 2997 1038 3052 usque
1061 2980 1130 3036 ad
1151 2981 1406 3052 quintum
1433 2979 1597 3034 Probi
1616 2993 1840 3033 annum.
1870 2960 1916 3018 α

286 3070 381 3125 28.
421 3069 780 3128 Eutichianus
800 3073 994 3128 martir
1015 3087 1161 3127 anno
1185 3086 1318 3138 uno,
1341 3085 1529 3126 mense
1551 3085 1684 3136 uno,
1698 3084 1845 3124 anno

423 3163 704 3219 Aureliani
752 3173 970 3235 quarto.
1016 3163 1077 3219 In
1113 3162 1390 3219 chronicis
1436 3161 1657 3228 Eusebii
1691 3176 1848 3216 men-

426 3255 580 3312 sibus
603 3256 637 3310 8
665 3264 899 3323 tantum,
936 3255 992 3311 id
1013 3264 1097 3312 est
1125 3255 1319 3326 quinto
1352 3252 1516 3309 Probi
1546 3267 1711 3308 anno.

291 3348 384 3404 29.
417 3347 588 3404 Gaius
617 3348 812 3402 martir
839 3347 999 3403 annis
1031 3347 1118 3415 11,
1161 3345 1445 3402 mensibus
1483 3346 1537 3412 4,
1567 3360 1744 3416 usque
1776 3344 1846 3400 ad

425 3441 729 3497 secundum
755 3439 1066 3495 Dioclitiani
1087 3455 1315 3496 annum.
1348 3437 1408 3492 In
1436 3437 1712 3494 chronicis
1734 3435 1846 3491 Eu-

429 3533 566 3589 sebii
598 3533 667 3589 15
698 3533 882 3602 annis,
910 3547 1089 3604 usque
1115 3532 1256 3586 15ιω
1279 3529 1592 3585 Dioclitiani
1615 3543 1840 3583 annum.

293 3625 386 3679 50.
428 3621 773 3682 Marcellinus
804 3624 998 3679 martir
1020 3623 1180 3678 annis
1207 3623 1261 3690 9,
1284 3622 1566 3678 mensibus
1589 3621 1642 3688 4,
1673 3635 1848 3691 usque

430 3717 499 3772 ad
529 3719 669 3771 17η·
701 3716 1014 3773 Dioclitiani
1037 3730 1263 3770 annum.
1291 3713 1350 3768 In
1376 3712 1655 3768 chronicis
1675 3710 1848 3766 Euse-

429 3808 506 3862 bii
535 3824 708 3879 usque
734 3810 879 3864 20"an
911 3805 1223 3863 Dioclitiani
1261 3820 1501 3870 annum;
1531 3810 1657 3872 post
1680 3814 1846 3872 quem

424 3900 582 3970 juxta
607 3899 914 3956 Romanum
947 3899 1258 3971 pontificale
1295 3895 1531 3952 cessavit
1558 3894 1848 3965 episcopa-

433 4001 522 4048 tus
549 3993 709 4049 annis
736 3991 787 4060 7,
826 3992 1108 4048 mensibus
1136 3990 1190 4057 6,
1222 3989 1416 4045 diebus
1436 3988 1528 4043 25.

296 4084 388 4141 51.
430 4083 720 4140 Marcellus
767 4085 960 4139 martir
990 4084 1149 4139 annis
1177 4084 1231 4149 5,
1267 4081 1551 4138 mensibus
1574 4078 1747 4135 ferme
1779 4079 1847 4147 8;

431 4177 526 4247 qui
555 4177 611 4231 in
647 4177 924 4233 chronicis
951 4175 1170 4232 Eusebii
1201 4189 1312 4230 non
1346 4174 1597 4229 habetur.

295 4269 390 4324 52.
434 4268 703 4324 Eusebius
749 4268 909 4323 annis
947 4268 1000 4335 6,
1052 4282 1241 4322 mense
1289 4281 1421 4321 uno.
1472 4265 1530 4320 In
1576 4264 1850 4322 chronicis

432 4361 652 4416 Eusebii
685 4360 967 4416 mensibus
992 4360 1046 4426 8,
1071 4374 1217 4414 anno
1244 4358 1388 4413 20mo
1411 4357 1740 4413 Dioclitiani.

298 4453 390 4508 55.
431 4453 720 4509 Melciades
738 4452 898 4508 annis
922 4453 977 4520 4,
1001 4467 1174 4522 usque
1203 4451 1271 4507 ad
1299 4459 1559 4522 quartum
1579 4449 1854 4506 Constan-

431 4546 530 4600 tini
559 4560 786 4601 annum.

300 4640 392 4694 54.
429 4637 692 4694 Silvester
725 4638 884 4693 annis
910 4638 1001 4704 25,
1041 4637 1326 4694 mensibus
1351 4637 1437 4690 l0.
1477 4635 1537 4690 ln
1578 4635 1854 4691 chronicis

432 4731 656 4787 Eusebii
691 4731 848 4786 anuis
873 4731 962 4800 22,
1002 4744 1175 4800 usque
1199 4731 1268 4786 ad
1305 4728 1486 4782 25hJun
1508 4727 1856 4784 Constantini

434 4838 664 4879 annum.

300 4917 388 4974 55.
431 4916 652 4971 Marcus
673 4916 830 4970 annis
849 4917 1080 4978 duobus.
1106 4913 1399 4976 mensibus
1416 4911 1470 4965 9.
1496 4911 1554 4965 In
1577 4913 1854 4968 chronicis

428 5006 686 5064 leronimi
722 5010 993 5064 mensibus
1035 5003 1085 5069 8,
1136 5011 1240 5069 250
1286 5017 1440 5058 anno
1476 5002 1848 5059 Constantini.

297 5103 386 5158 56.
429 5099 610 5156 Julius
642 5097 793 5152 annis
823 5101 903 5166 15,
935 5097 1213 5164 mensibus
1253 5093 1504 5152 duobus.
1545 5093 1605 5149 In
1635 5095 1853 5152 chroni-

427 5194 507 5266 cis
535 5187 780 5242 leronimi
821 5191 969 5246 annis
999 5187 1079 5254 16,
1119 5185 1434 5255 mensibus
1485 5186 1540 5252 9,
1578 5203 1752 5259 usque
1786 5187 1852 5242 ad

423 5283 564 5312 lQnm
588 5277 878 5312 rnnclnnﬂ:
903 5293 1095 5312 nnnllm

1884 4315 1930 4368 D

2112 319 2252 375 inter
2280 321 2557 376 exulatum
2600 321 2823 387 Liberii,
2860 337 3005 376 anno
3045 320 3353 379 Constantii
3405 325 3528 380 20⁸.

1980 406 2068 462 59.
2110 406 2376 465 Damasus
2415 410 2575 466 annis
2615 410 2703 477 18,
2752 410 3034 465 mensibus
3062 411 3258 466 tribus.
3292 411 3349 467 In
3377 413 3533 469 chro-

2106 498 2247 554 nicis
2294 498 2550 570 Prosperi
2601 501 2763 556 aitnis
2815 499 2902 570 19,
2944 517 3120 574 usque
3159 503 3227 558 ad
3273 505 3531 576 quintum

2110 589 2354 646 Gratiani
2377 608 2580 649 annum

1977 679 2069 736 40.
2113 679 2346 740 Siricius
2391 684 2552 740 annis
2585 685 2680 752 l5;
2731 685 2826 755 qui
2870 686 2924 740 in
2956 686 3234 744 chronicis
3270 688 3529 762 Prosperi

2112 772 2347 831 Ursinus
2373 775 2595 831 nomine
2635 776 2777 832 sedit
2805 778 2965 834 annis
2995 779 3082 848 l4,
3123 795 3297 852 usque
3320 779 3390 836 ad
3417 790 3528 838 tcr-

2109 868 2245 924 tium
2275 869 2535 926 Archadii
2567 886 2792 926 annum.

1979 961 2068 1015 41.
2108 961 2437 1018 Anastasius
2465 964 2626 1019 annis
2650 965 2847 1020 tribus.
2881 963 2942 1019 In
2965 966 3243 1024 chronicis
3269 967 3528 1041 Prosperi

2109 1054 2269 1109 annis
2295 1054 2350 1121 4,
2381 1069 2558 1125 usque
2581 1056 2651 1111 ad
2688 1055 2794 1109 7um
2821 1055 3081 1112 Archadii
3105 1075 3331 1115 annum.

2111 1144 2462 1202 Innocentius
2497 1148 2658 1203 annis
2708 1149 2795 1215 15,
2843 1151 3124 1206 mensibus
3168 1151 3339 1208 ferme
3366 1155 3420 1208 4.
3465 1154 3526 1210 ln

2109 1237 2387 1294 chronicis
2412 1237 2666 1310 Prosperi
2687 1240 2848 1295 annis
2884 1241 2969 1308 l4,
2994 1257 3168 1312 usque
3192 1244 3263 1298 ad
3285 1243 3394 1298 8um
3419 1244 3530 1301 Ho-

2111 1330 2256 1384 norii
2282 1345 2510 1386 annum.

2109 1419 2365 1476 Zozimus
2382 1422 2544 1478 annis
2558 1421 2764 1498 tribus,
2789 1423 3074 1479 mensibus
3086 1422 3257 1480 ferme
3273 1426 3330 1494 5,
3353 1441 3532 1498 usque

2111 1511 2180 1567 ad
2215 1513 2356 1566 11ιιιιτ³
2381 1511 2608 1568 Honorii
2631 1529 2859 1570 annum.

1977 1603 2067 1658 44.
2105 1601 2420 1661 Bonifacius
2450 1606 2609 1662 annis
2640 1607 2836 1675 tribus,
2867 1608 3149 1664 mensibus
3179 1609 3233 1676 8,
3262 1622 3436 1682 usque
3457 1612 3528 1667 ad

2111 1695 2253 1749 15υω
2285 1693 2510 1752 Honorii
2543 1713 2768 1754 annum.

1979 1785 2068 1840 45.
2109 1784 2416 1844 Gelestinus
2445 1789 2608 1844 annis
2641 1789 2707 1856 8,
2757 1790 3042 1846 mensibus
3091 1791 3187 1858 10,
3236 1807 3411 1863 usque
3457 1795 3528 1850 ad

2109 1893 2317 1933 nonum
2344 1879 2638 1934 Theodosii
2668 1896 2894 1936 annum.

1979 1968 2068 2023 46.
2111 1967 2300 2026 Sixtus
2337 1971 2428 2025 5|"
2459 1971 2620 2026 annis
2645 1971 2700 2040 8,
2731 1989 2906 2044 usque
2947 1973 3015 2028 ad
3061 1991 3267 2030 annum
3305 1971 3525 2032 Domini?

2111 2061 2236 2116 440.

1983 2150 2067 2206 47.
2109 2151 2220 2206 Leo
2243 2152 2435 2208 doctor
2474 2153 2635 2209 annis
2666 2153 2768 2221 21,
2796 2156 3080 2212 mensibus
3112 2157 3329 2213 duobus
3356 2119 3529 2217 ferme

2107 2257 2285 2313 usque
2304 2244 2377 2298 ad
2398 2259 2604 2298 annum
2635 2242 2853 2301 Domini
2882 2247 3006 2300 462.

1979 2333 2067 2388 48.
2109 2332 2348 2389 Hilarius
2386 2336 2546 2391 annis
2590 2335 2624 2390 6
2647 2378 2661 2403 ,
2701 2338 2984 2394 mensibus
3015 2339 3221 2408 tribus,
3254 2354 3429 2412 usque
3457 2343 3526 2398 ad

2107 2441 2313 2480 annum
2335 2425 2552 2481 Domini
2575 2427 2682 2482 467

1981 2515 2068 2572 49.
2112 2516 2426 2588 Simplicius
2474 2518 2634 2573 annis
2675 2520 2774 2587 15,
2829 2537 3018 2576 mense
3069 2538 3202 2590 uno,
3246 2540 3420 2596 usque
3459 2526 3529 2582 ad

2113 2623 2318 2663 annum
2344 2608 2561 2664 Domini
2586 2610 2709 2664 482.

1979 2699 2068 2756 50.
2110 2698 2262 2755 Felix
2292 2701 2384 2756 5η·
2418 2700 2579 2757 annis
2608 2700 2781 2757 ferme
2808 2701 2862 2770 9,
2899 2719 3075 2775 usque
3098 2704 3168 2760 ad
3188 2721 3394 2761 annum
3419 2707 3528 2763 Do-

2108 2791 2244 2847 mini
2273 2791 2397 2848 491.

1978 2883 2068 2939 51.
2105 2883 2356 2940 Gelasius
2377 2884 2537 2940 annis
2563 2885 2616 2953 4,
2639 2884 2922 2941 mensibus
2949 2885 3002 2954 8,
3033 2902 3208 2958 usque
3228 2889 3297 2944 ad
3319 2905 3418 2944 anr.
3434 2905 3528 2945 um

2117 2975 2336 3032 Domini
2370 2976 2497 3032 496.

1979 3068 2068 3124 52.
2109 3067 2436 3124 Anastasius
2467 3068 2627 3124 annis
2667 3067 2839 3125 ferme
2866 3069 3103 3138 duobus,
3141 3086 3318 3144 usque
3338 3071 3404 3128 ad
3431 3087 3534 3129 an-

2108 3177 2241 3216 num
2268 3161 2483 3216 Domini
2505 3159 2630 3217 498.

1980 3251 2070 3306 55.
2115 3250 2466 3309 Simmachus
2487 3253 2647 3309 annis
2678 3254 2766 3320 15,
2790 3254 3072 3310 mensibus
3097 3253 3270 3310 ferme
3284 3254 3339 3324 8,
3361 3271 3536 3326 usque

2115 3345 2184 3401 ad
2208 3362 2416 3401 annum
2450 3345 2669 3402 Domini
2691 3347 2817 3401 514.

1981 3438 2071 3494 54.
2111 3435 2387 3494 Hormista
2419 3438 2580 3494 annis
2611 3437 2664 3506 9,
2691 3453 2866 3509 usque
2895 3439 2968 3494 ad
2995 3439 3343 3495 consulatum
3386 3439 3534 3494 Sim-

2113 3529 2296 3585 machi
2329 3538 2384 3586 et
2412 3529 2617 3598 Boetii,
2640 3531 2695 3585 id
2720 3539 2808 3587 est
2829 3531 2897 3586 ad
2915 3546 3129 3586 annum
3157 3530 3376 3586 Domini
3404 3531 3530 3586 525.

1984 3620 2072 3676 55.
2113 3619 2390 3678 Johannes
2436 3621 2631 3676 martir
2661 3621 2823 3676 annis
2864 3621 3103 3689 duobus,
3158 3622 3457 3678 mensibus.
3476 3621 3533 3690 9,

2118 3727 2293 3783 usque
2323 3714 2392 3768 ad
2415 3729 2619 3768 annum
2644 3711 2861 3767 Domini
2887 3713 3013 3767 526.

1983 3803 2075 3859 56.
2117 3803 2267 3859 Felix
2296 3805 2386 3858 4η·
2416 3804 2576 3858 annis
2604 3805 2659 3870 4,
2684 3804 2970 3860 mensibus
3005 3804 3242 3873 duobus,
3269 3819 3444 3876 usque
3469 3804 3539 3860 ad

2119 3911 2323 3950 annum
2354 3893 2572 3950 Domini
2595 3894 2719 3950 550.

1988 3986 2076 4042 57.
2118 3986 2433 4043 Bonifacius
2454 3986 2548 4040 2η·
2569 3986 2730 4042 annis
2743 3987 2980 4053 duobus,
3005 4002 3194 4042 mense
3213 3986 3384 4042 ferme
3400 4001 3537 4058 uno,

2122 4096 2296 4152 usque
2323 4081 2392 4136 ad
2417 4096 2624 4136 annum
2660 4080 2878 4137 Domini
2903 4081 3028 4137 552.

1991 4173 2079 4229 58.
2118 4173 2398 4230 Johannes
2426 4175 2543 4243 2‘",
2570 4173 2665 4246 qui
2686 4182 2740 4230 et
2764 4173 3090 4240 Mercurius,
3121 4174 3281 4229 annis
3302 4173 3542 4244 duobus,

2121 4266 2407 4322 mensibus
2435 4267 2490 4332 4,
2521 4281 2698 4338 usque
2723 4266 2792 4322 ad
2814 4281 3021 4322 annum
3057 4265 3272 4322 Domini
3297 4266 3424 4320 554.

1993 4359 2081 4415 59.
2121 4358 2388 4431 Agapitus
2407 4374 2554 4414 anno
2578 4358 2751 4415 ferme
2777 4374 2921 4426 uno;
2943 4360 3040 4430 qui
3068 4357 3544 4431 ConstantinOpoli

2121 4450 2433 4520 defunctus,
2479 4450 2712 4507 Romam
2758 4451 2965 4508 relatus
3013 4459 3100 4510 est
3141 4465 3288 4507 anno
3327 4449 3546 4508 Domini

2119 4542 2276 4598 535°.

1993 4632 2082 4688 60.
2128 4631 2394 4689 Silverius
2415 4635 2608 4689 martir
2637 4648 2786 4689 anno
2806 4648 2941 4700 uno,
2963 4635 3252 4693 mensibus
3273 4632 3341 4699 5;
3373 4638 3480 4706 qui
3505 4635 3564 4690 in

2125 4725 2290 4792 exilio
2322 4725 2457 4782 obiit
2486 4726 2573 4781 l2.
2607 4725 2724 4780 Kal.
2758 4725 2868 4780 Jul.
2897 4726 3202 4788 indictione
3232 4723 3360 4791 15⁸,
3414 4741 3576 4788 anno

2131 4817 2351 4872 Domini
2375 4815 2532 4872 557°.

1999 4911 2084 4965 61.
2128 4908 2363 4980 Vigilius
2379 4909 2542 4964 annis
2566 4909 2652 4975 17,
2682 4909 2972 4966 mensibus
3001 4913 3179 4972 ferme
3207 4907 3239 4959 7
3261 4923 3277 4971 ;
3303 4907 3406 4974 qui
3442 4915 3616 4972 Con-

2134 5001 2498 5071 stantinopoli
2527 5001 2620 5058 diu
2645 5001 2924 5068 exulatus,
2949 5015 3008 5061 et
3038 5011 3266 5066 demum
3298 4996 3623 5064 relaxatus

1983 1145 2069 1200 42.

1976 1419 2066 1474 45.

2133 5091 2269 5147 obiit
2294 5092 2430 5148 554°
2463 5108 2630 5148 anno.

2001 5189 2088 5242 62.
2131 5185 2387 5256 Pelagius
2437 5187 2599 5240 annis
2641 5183 2738 5250 ll,
2794 5188 3090 5250 mensibus
3138 5184 3244 5248 10,
3291 5193 3517 5248 usque
3565 5173 3637 5237 ad

2133 5292 2336 5312 annum
2372 5274 2591 5312 “nmini
2626 5274 2729 5312 κκξι
