3986 5312
411 4506 423 4581 1

402 4752 421 4823 ἰ

452 260 592 329 1293

1463 265 1555 319 Αἰ)
1586 262 1820 317 OPERA
1858 261 1914 317 S.
1956 260 2284 323 CREGORH
2317 262 2762 321 APPENDICES.

3595 264 3727 319 1296

617 366 691 421 ad
722 380 929 421 annum
967 362 1189 421 Domini
1212 362 1337 419 582.
1379 359 1669 417 Cessatum
1696 366 1781 411 est
1825 358 2030 410 meusi-
2060 363 2106 418 Α
2167 359 2257 416 85.
2299 360 2490 415 Conon
2522 359 2801 412 meusibus
2840 357 2921 419 1|,
2952 372 3096 411 anno
3126 355 3344 411 Domini
3373 354 3507 411 687.
3533 354 3727 413 Cessa-

616 459 720 513 bus
745 458 799 512 5.

2184 460 2187 463 ’
2307 460 2421 506 tum
2460 459 2546 505 est
2575 450 2857 505 mensibus
2895 448 2928 502 5
2962 448 3157 503 ferme.

484 548 573 605 65.
617 547 870 618 Pelagius
905 548 1001 601 2|"
1023 545 1187 601 annis
1219 543 1304 610 10,
1330 540 1613 599 mensibus
1641 538 1698 607 2,
1726 537 1863 595 obiit
1894 538 2037 592 indl-
2146 543 2262 598 .86.
2307 542 2533 613 sergius
2555 541 2716 595 annis
2744 542 2831 605 15,
2869 541 3150 595 mensibus
3176 540 3211 595 9
3233 539 3443 606 ferme,
3470 539 3615 595 obiit
3650 541 3732 595 in-

534 638 539 641 ’
618 641 797 696 ctione
846 639 936 707 9ε,
984 653 1134 694 anno
1179 634 1399 693 Domini
1445 632 1572 690 592.
1612 630 1904 687 Cessatum
1950 637 2036 686 est

616 732 901 787 mensibus
921 731 954 786 4
983 729 1117 789 fere.

484 824 573 880 66.
615 823 914 894 Gregorius
946 822 1140 877 doctor
1172 819 1334 876 annis
1370 817 1460 885 15,
1490 814 1775 872 mensibus
1815 812 1870 881 6,
1898 812 2036 869 obiit

608 914 910 971 indictione
936 914 1024 981 8³,
1049 928 1196 968 anno
1216 910 1435 967 Domini
1476 907 1604 965 005.
1634 905 1922 963 Cessatum
1949 913 2036 961 est

616 1005 900 1063 mensibus
923 1005 978 1061 5.

481 1097 571 1154 67.
615 1095 947 1153 Sabinianus
992 1111 1141 1152 anno
1185 1095 1254 1160 1,
1307 1091 1592 1151 mensibus
1633 1089 1705 1156 5,
1755 1104 1935 1161 usque
1964 1089 2034 1144 ad

614 1196 818 1248 annum
844 1188 1061 1246 Domini
1086 1187 1211 1242 607.
1242 1186 1530 1242 Cessatum
1557 1188 1643 1239 est
1664 1196 1810 1237 anno
1839 1180 1951 1237 fere
1976 1181 2028 1235 1.

612 1282 929 1337 Bonifacius
976 1282 1067 1337 5‘Ml
1119 1278 1408 1334 mensibus
1434 1274 1607 1331 ferme
1635 1273 1700 1340 9,
1746 1287 1922 1343 usque
1962 1272 2033 1328 ad

613 1388 821 1431 annum
884 1371 1105 1429 Domini
1156 1370 1282 1425 669.
1335 1368 1627 1425 Cessatum
1679 1374 1761 1421 est
1823 1363 2032 1420 mensi-

480 1283 570 1338 68.

621 1467 725 1521 bus
762 1466 849 1520 10.
974 1516 977 1519 .

614 1556 932 1614 Dunifacius
957 1556 1049 1611 4³η
1077 1555 1239 1611 annis
1276 1553 1331 1619 6,
1358 1552 1644 1609 mensibus
1682 1552 1737 1618 8,
1764 1564 1938 1620 usque
1961 1547 2031 1603 ad

613 1665 821 1706 annum
845 1647 1064 1705 Domini
1088 1647 1215 1703 .617.
1239 1645 1526 1703 Cessatum
1557 1653 1642 1699 est
1676 1642 1956 1698 mensibus
1994 1640 2030 1693 7

612 1741 806 1797 ferme.
914 1808 918 1813 _
1138 1782 1145 1785 .

474 1824 563 1890 70.
608 1832 901 1890 Deusdedit
928 1831 1091 1888 annis
1128 1831 1201 1896 5,
1231 1844 1422 1887 mense
1460 1829 1488 1883 1
1524 1827 1718 1893 ferme,
1748 1841 1923 1896 usque
1962 1826 2033 1881 ad

582 1924 816 1981 'annum
854 1922 1072 1978 Domini
1102 1921 1233 1976 620.
1254 1921 1545 1977 Cessatum
1583 1928 1671 1976 est
1693 1933 1880 1973 mense
1923 1931 2034 1973 uno

615 2027 670 2073 et
696 2016 886 2071 semis.
1051 2064 1057 2070 .

481 2102 569 2164 71.
611 2106 928 2163 Bonifacius
947 2106 1038 2162 5“
1072 2104 1234 2160 anuis
1274 2104 1331 2170 5,
1377 2118 1554 2175 usque
1596 2102 1663 2157 ad
1689 2117 1894 2157 annum
1922 2099 2034 2157 Dos

608 2199 744 2256 ‘miui
778 2198 887 2255 625
1092 2250 1097 2255 .

481 2281 570 2347 72.
612 2290 892 2347 Παιωνίας
938 2288 1099 2346 annis
1140 2286 1314 2345 ferme
1365 2287 1454 2353 15,
1499 2300 1673 2356 usque
1716 2285 1789 2341 ad
1828 2300 2034 2341 annum

609 2382 830 2439 Domini
885 2380 1012 2437 658.
1063 2379 1353 2437 Cessatum
1386 2386 1474 2433 est
1514 2392 1664 2432 anno
1713 2376 1780 2443 1,
1824 2375 2035 2435 mensi-

608 2475 713 2531 bus
746 2475 798 2531 7.
947 2513 949 2516 ι
1055 2519 1061 2525 .

483 2554 569 2623 ‘75.
614 2566 912 2623 Severinus
939 2565 1221 2622 mensibus
1249 2564 1305 2629 2,
1337 2577 1483 2621 anno
1504 2558 1724 2617 Domini
1747 2558 1873 2615 640.
1903 2558 2037 2615 Ces-

612 2668 796 2716 satum
830 2667 915 2714 est
935 2657 1220 2715 mensibus
1255 2657 1308 2711 5.

478 2738 568 2807 71.
606 2750 887 2807 Iohannes
935 2750 1029 2806 με
1084 2764 1230 2804 anno
1284 2749 1344 2813 1,
1395 2745 1678 2802 mensibus
1717 2742 1888 2800 ferme
1933 2743 2033 2810 10,

612 2859 789 2914 usque
836 2844 905 2899 ad
946 2856 1151 2897 annum
1185 2838 1405 2896 Domini
1446 2837 1573 2893 612.
1625 2835 1913 2892 Cessatum
1954 2845 2039 2891 est

612 2951 803 2992 mense
828 2949 941 2989 uno
961 2942 1015 2989 et
1041 2933 1229 2989 semis.
1280 2980 1285 2984 .

481 3017 569 3087 75.
609 3027 935 3084 Theodorus
964 3024 1126 3080 annis
1153 3024 1207 3090 6,
1244 3022 1531 3078 mensibus
1562 3018 1733 3077 ferme
1772 3019 1828 3084 6,
1859 3033 2036 3078 usaue

481 1550 571 1618 69.

611 3120 680 3176 ad
702 3133 909 3175 annuat
936 3115 1152 3172 Domini
1182 3086 1308 3172 6i9.
1336 3113 1624 3169 Cessatum
1647 3121 1732 3168 est
1750 3110 2037 3166 mensibus
2064 3086 2107 3143 (ἶ

500 3260 501 3263 η
606 3210 777 3269 ferme
799 3210 854 3265 2.

482 3298 568 3358 76.
611 3302 880 3357 Martinus
920 3301 1114 3356 martir
1145 3299 1305 3354 annis
1335 3298 1389 3364 6,
1431 3297 1716 3353 mensibus
1754 3295 1792 3351 2
1828 3293 2034 3361 ferme,

613 3407 787 3465 usque
834 3393 902 3448 ad
948 3408 1152 3449 annum
1198 3389 1414 3447 Domini
1454 3390 1594 3458 655;
1624 3388 1720 3460 qui
1768 3388 1825 3444 in
1871 3387 2037 3443 exilio

612 3487 768 3543 obiit.

614 3573 893 3649 Eugenius
927 3575 1088 3631 anuis
1114 3574 1171 3643 2,
1213 3574 1496 3630 mensibus
1528 3571 1594 3626 10
1624 3571 1797 3627 ferme
1816 3614 1832 3639 ,
1864 3586 2037 3643 usque

615 3670 687 3725 ad
720 3679 931 3724 annum
974 3666 1193 3722 Domini
1224 3665 1351 3721 658.
1383 3664 1671 3721 Cessatum
1711 3672 1799 3721 est
1827 3662 2036 3720 mensi-

487 3843 574 3910 78.
616 3761 923 3909 ξ’ῗὲἓεηυε
970 3851 1134 3907 annis
1169 3850 1272 3918 14,
1298 3849 1584 3906 mensibus
1620 3849 1676 3916 6,
1717 3848 1852 3904 obiit
1894 3844 2033 3901 indi-

486 3572 571 3634 77.

617 3948 796 4002 ctione
842 3946 975 4014 15',
1001 3958 1150 4001 anno
1192 3943 1411 4001 Domini
1459 3942 1586 3998 672.
1618 3941 1908 3998 Cessatum
1951 3949 2039 3995 cst
2138 3949 2262 4004 102,

2137 4042 2262 4096 105.

612 4039 897 4096 mensibus
922 4038 979 4093 2.

483 4124 572 4187 79.
615 4131 930 4187 Adeodatus
980 4130 1143 4184 annis
1187 4129 1252 4195 1,
1294 4126 1580 4183 mensibus
1625 4125 1699 4190 2,
1746 4140 1924 4196 usque
1968 4124 2035 4179 ad

613 4240 817 4279 annum
845 4222 1064 4277 Domini
1088 4221 1212 4277 676.
1259 4220 1549 4276 Cessatum
1583 4230 1667 4275 est
1699 4219 1979 4274 Incusibus
2002 4216 2035 4273 Δ
2136 4226 2259 4281 ws,

614 4326 672 4371 et
696 4315 942 4372 dimidio.

478 4409 567 4464 80.
614 4408 800 4463 Donus
824 4422 970 4462 anno
1000 4408 1052 4473 1,
1088 4405 1378 4461 mensibus
1420 4406 1473 4468 εἰ,
1509 4418 1686 4474 usque
1713 4403 1781 4458 ad
1824 4417 2027 4459 annum
2063 4409 2261 4488 D105,

615 4500 835 4556 Domini
861 4500 986 4555 678.
1008 4500 1297 4556 Cessatum
1319 4507 1405 4553 est
1433 4497 1716 4553 mensibus
1736 4496 1791 4551 2.

481 4615 569 4669 81.
613 4613 826 4686 Agatho
854 4614 1021 4668 annis
1047 4612 1105 4680 2,
1130 4611 1418 4669 mensibus
1445 4610 1500 4676 6,
1531 4625 1707 4680 usque
1735 4609 1803 4664 ad
1825 4624 2032 4663 annum
2136 4597 2259 4653 106.

612 4706 829 4760 Domini
875 4704 1012 4771 681;
1051 4705 1154 4760 sub
1177 4719 1289 4774 quo
1315 4712 1467 4759 sexta
1507 4700 1832 4757 universalis
1878 4700 2031 4755 sino-

614 4798 741 4861 dus,
772 4795 1069 4853 indictione
1090 4796 1177 4850 9ο,
1201 4794 1488 4851 Cessatum
1526 4801 1609 4849 est
1633 4809 1779 4848 anno
1806 4793 1852 4860 1,
1875 4806 2032 4846 men-

611 4889 778 4945 sibus
796 4890 847 4943 7.

756 5004 787 5016 Α
1032 4994 1071 5018 οὐ
1182 5004 1204 5018 ιι
1378 5000 1427 5018 II
1610 4999 1721 5018 ,n,
1776 4998 2031 5020 ,-,9nn-.

2164 3210 2266 3267 '98.

2140 3566 2262 3635 tuo.

2138 3764 2262 3819 201.-

2138 4779 2258 4833 107.

2145 4983 2239 5000 ΓΔΑ

2172 5007 2240 5020 ..Α

2292 634 2544 723 dictione
2571 634 2689 700 14⁸,
2718 631 2936 720 Tiberio
2962 632 3309 703 imperatore,
3338 647 3493 688 anno
3514 632 3733 687 Domini

2307 726 2431 783 701.
2461 725 2749 783 Cessatum
2774 734 2860 783 est
2885 726 3170 782 mensibus
3198 726 3233 779 2
3255 724 3448 780 ferme.

2175 818 2261 875 87.
2298 818 2579 874 Johannes
2617 819 2709 873 6"
2756 819 2918 873 annis
2954 819 3009 882 ε’),
3040 817 3326 873 mensibus
3368 817 3427 883 2,
3452 832 3639 887 usque
3663 818 3729 871 ad

2308 927 2512 967 annum
2541 910 2759 993 Domini
2789 910 2913 966 705.
2944 909 3231 966 Cessatum
3253 920 3341 966 est
3387 924 3582 967 mense
3620 925 3733 964 uno

2170 1094 2262 1151 88.
2298 1020 2581 1151 fragiles
2598 1094 2690 1147 7·ιο
2716 1093 2877 1149 annis
2894 1094 2957 1158 2,
2977 1093 3260 1148 mensibus
3282 1093 3315 1147 8
3336 1091 3532 1157 ferme,
3555 1106 3736 1162 usque

2306 1187 2377 1244 ad
2409 1202 2615 1243 annum
2644 1185 2861 1243 Domini
2908 1185 3031 1241 788.
3068 1185 3358 1241 Cessatum
3398 1193 3491 1240 est
3518 1186 3735 1239 mensi-

2307 1278 2409 1332 bus
2437 1278 2490 1332 5.

2173 1366 2263 1423 89.
2306 1293 2585 1423 ἒῗέιξῐίιιε
2620 1365 2693 1423 20
2726 1366 2940 1431 diebus,
2968 1366 3063 1436 qui
3086 1364 3533 1443 podagra-subito
3559 1365 3735 1419 mori-

2304 1466 2423 1521 tur.
2456 1472 2602 1513 anno
2646 1455 2863 1515 Domini
2907 1454 3030 1510 708.
3093 1454 3381 1509 Cessatum
3429 1464 3518 1510 est
3578 1470 3737 1510 men-

2308 1550 2462 1607 sibus
2485 1549 2543 1604 2.

2156 1641 2267 1701 90.
2301 1642 2705 1698 Constantinus
2737 1639 2898 1696 annis
2928 1639 2983 1707 7,
3022 1655 3200 1711 usque
3246 1639 3313 1694 ad
3363 1653 3576 1693 annum
3622 1637 3734 1692 Do—

2300 1735 2435 1791 mini
2478 1734 2610 1801 715;
2661 1735 2758 1805 qui
2806 1734 2864 1789 in
2914 1732 3167 1789 Greciam
3214 1733 3285 1787 ad
3342 1732 3735 1801 imperatorem

2300 1827 2449 1884 venit
2474 1826 2770 1884 indictione
2809 1825 2891 1893 9',
2931 1833 2987 1881 et
3019 1840 3274 1882 reversus
3301 1833 3387 1878 cst
3410 1824 3467 1877 in
3490 1823 3734 1878 decima.

2176 1922 2266 1979 91.
2308 1914 2608 1992 Gregorius
2649 1918 2744 1975 2η*
2778 1919 2941 1975 annis
2982 1919 3087 1985 15,
3121 1918 3407 1973 mensibus
3448 1917 3485 1971 9
3532 1915 3735 1979 ferme,

2304 2013 2440 2070 obiit
2463 2013 2761 2069 indictione
2788 2013 2910 2069 14⁸.

2172 2109 2263 2165 92.
2304 2108 2602 2181 Gregorius
2645 2108 2741 2163 3η·
2792 2105 2956 2162 annis
2990 2105 3092 2172 10,
3125 2104 3410 2161 mensibus
3459 2105 3495 2158 9
3539 2102 3736 2169 ferme,

2302 2201 2443 2258 obiit
2470 2200 2769 2257 indictione
2805 2198 2927 2265 10a,
2964 2212 3113 2253 anno
3134 2196 3361 2252 Domini
3389 2196 3519 2250 742.

2172 2293 2263 2350 95.
2307 2278 2607 2349 Zacharias
2650 2291 2812 2347 annis
2848 2288 2937 2356 10,
2966 2288 3250 2345 mensibus
3286 2288 3350 2353 5,
3394 2287 3537 2343 obiit
3580 2284 3729 2339 indi-

2223 2394 2231 2400 ‘
2307 2383 2489 2441 ctione
2510 2383 2598 2450 5',
2618 2392 2767 2439 anno
2790 2379 3009 2436 Domini
3040 2379 3164 2435 752.
3384 2361 3395 2373 ’

2177 2474 2266 2532 91.
2307 2472 2619 2546 Stephanus
2648 2473 2742 2527 2'"
2778 2472 2944 2528 annis
2974 2473 3030 2539 5,
3054 2485 3244 2529 mense
3272 2471 3301 2524 1
3328 2468 3527 2533 ferme,
3562 2483 3741 2539 usque

2302 2566 2370 2622 ad
2393 2581 2600 2622 annum
2627 2564 2847 2622 Domini
2882 2564 3007 2620 757.

2174 2659 2264 2716 95.
2305 2657 2510 2715 Paulus
2553 2658 2716 2714 annis
2746 2657 2812 2712 10
2834 2699 2849 2723 ,
2886 2672 3074 2713 mense
3122 2657 3174 2722 1,
3204 2670 3381 2726 usque
3412 2656 3485 2710 ad
3530 2671 3736 2710 annum

2305 2750 2523 2806 Domini
2557 2750 2658 2805 767
3033 2735 3059 2781 δ

2174 2841 2265 2898 96.
2306 2841 2622 2913 Stephanus
2673 2843 2766 2895 5"
2804 2842 2965 2896 annis
3011 2842 3083 2905 4,
3134 2841 3425 2897 mensibus
3459 2840 3497 2895 6
3538 2839 3714 2895 ferme

2308 2950 2485 3005 usque
2514 2934 2583 2990 ad
2611 2950 2817 2989 annum
2852 2933 3067 2989 Domini
3106 2934 3230 2988 772.

2176 3027 2265 3083 97.
2306 3026 2582 3083 Adrianus
2624 3027 2789 3082 annis
2835 3027 2944 3093 24,
2981 3026 3268 3082 mensibus
3309 3024 3410 3093 10,
3458 3040 3639 3095 usque
3668 3024 3739 3078 ad

2305 3134 2512 3175 annum
2548 3118 2767 3174 Domini
2797 3119 2921 3175 796.

2308 3209 2421 3265 Leo
2450 3211 2542 3265 5U
2581 3208 2744 3265 annis
2764 3209 2857 3276 20,
2889 3210 3175 3266 mensibus
3206 3208 3290 3275 10,
3328 3223 3511 3279 usque
3540 3209 3607 3263 ad
3640 3223 3738 3261 an-

2310 3318 2442 3358 num
2474 3300 2692 3357 Domini
2722 3302 2827 3357 816

2173 3396 2264 3453 99.
2308 3394 2620 3465 Stephanus
2641 3394 2733 3450 41³⁸
2760 3394 3047 3450 mensibus
3066 3392 3121 3460 7,
3151 3392 3289 3448 obiit
3333 3407 3486 3447 anno
3516 3390 3735 3446 Domini

2307 3486 2431 3542 817.

2302 3578 2584 3635 Paschalis
2629 3578 2793 3634 annis
2834 3579 2896 3645 7,
2924 3592 3111 3635 mense
3146 3578 3170 3631 1
3210 3576 3405 3643 ferme,
3452 3591 3631 3647 usque
3666 3576 3732 3628 ad

2304 3686 2510 3726 annum
2540 3669 2758 3725 Domini
2783 3670 2910 3725 824.

2305 3762 2580 3834 Euge-nius
2599 3762 2692 3817 2³³
2720 3762 2882 3817 annis
2899 3762 2955 3828 4,
2976 3761 3262 3817 mensibus
3286 3760 3322 3816 8
3339 3759 3538 3827 ferme,
3561 3774 3734 3832 usque

2306 3856 2373 3911 ad
2397 3870 2604 3910 annum
2627 3853 2845 3908 Domini
2871 3853 2997 3908 828.

2301 3947 2627 4005 Valentinus
2651 3946 2722 4002 40
2748 3947 2964 4012 diebus,
2986 3960 3134 4001 anno
3167 3944 3390 4001 Domini
3422 3946 3555 4001 828.

2302 4039 2604 4111 Gregorius
2633 4039 2726 4093 ius
2757 4038 2917 4093 annis
2955 4036 3040 4103 16,
3073 4051 3248 4107 usque
3281 4037 3351 4093 ad
3387 4052 3597 4093 annum
3626 4036 3726 4091 Do-

2304 4133 2439 4188 mini
2474 4131 2600 4186 814.
2659 4124 2665 4129 ’

2303 4224 2528 4296 Sergius
2554 4224 2649 4278 2‘"
2682 4222 2846 4279 annis
2871 4242 2927 4288 ο,
2958 4236 3135 4290 usque
3166 4221 3236 4277 ad
3264 4236 3477 4276 annum
3513 4219 3722 4276 Domini

2304 4317 2432 4372 817.

2302 4408 2417 4464 Leo
2434 4409 2525 4463 4η·
2557 4408 2719 4463 annis
2741 4406 2797 4474 9,
2824 4405 3108 4461 mensibus
3127 4406 3185 4473 5,
3215 4422 3393 4477 usque
3420 4407 3493 4462 ad
3523 4423 3727 4462 annum

2304 4500 2522 4556 Domini
2553 4500 2677 4554 856.

2300 4594 2624 4651 Benedictus
2647 4592 2740 4647 5'"
2774 4591 2936 4655 annis
2954 4591 3012 4658 2,
3050 4590 3336 4646 mensibus
3356 4590 3420 4655 6,
3453 4605 3633 4661 usque
3661 4589 3725 4644 a1

2301 4698 2505 4739 annum
2533 4681 2751 4737 Domini
2777 4681 2901 4737 859.

2302 4776 2557 4833 Nicolaus
2578 4775 2738 4830 annis
2760 4775 2815 4841 9,
2846 4774 3128 4829 mensibus
3150 4773 3205 4838 9,
3229 4788 3406 4843 usque
3430 4773 3499 4828 ad
3521 4787 3722 4827 annuum

2304 4868 2522 4925 Domini
2557 4867 2683 4923 ses.
3622 4912 3653 4937 ,

2310 4984 2573 5020 amvi-mn:
2603 4982 2694 5019 Qus
2746 4978 2905 5020 annis:
2942 4979 2975 5020 Β
3030 4993 3206 5020 "enim
3255 4977 3322 5020 sul
3366 4992 3569 5020 annum
3614 4975 3719 5020 Πη-
