3996 5474
205 296 341 352 1501

1095 297 1382 353 APPEND.
1426 297 1512 354 lli.
1553 327 1623 337 --
1660 296 2094 355 MONUMENTA
2131 298 2597 360 ϐῐὶἘέἶΟῐὶΙΑΝΑ.

3347 293 3486 350 1509.

205 407 556 482 questionum
576 407 793 475 asserit,
817 407 1156 464 lleliamesse
1178 410 1403 477 Fineen,
1433 412 1529 482 qui
1553 413 1668 468 zelo
1689 411 1799 466 Βο-
1831 420 1877 474 Α
1905 417 2102 471 mentis
2133 416 2377 473 consulis
2397 431 2462 470 ex
2489 429 2678 470 sorore
2707 412 2904 484 neptis,
2929 412 2982 466 in
3009 412 3243 468 insulam
3267 411 3490 471 Pontil-

208 502 346 558 mini
377 516 642 556 accensus
685 500 905 555 Zambri
949 517 1076 556 eum
1106 502 1396 558 Moabitide
1436 503 1796 560 fornicantem
1899 530 2027 568 nam
2053 515 2125 570 ob
2154 515 2277 570 ﬁdei
2301 514 2678 570 testimonium
2710 513 2982 568 exiliaiur.

211 591 505 646 transﬁxit.
547 590 773 660 Proprie
813 601 996 646 autem
1039 603 1268 647 vocatur
1315 593 1533 660 Finees,
1573 611 1699 649 nam
1730 595 1800 648 ab

211 693 411 739 eventu
443 682 627 739 Helias
655 683 875 739 dicitur.
925 683 1064 739 Cum
1112 685 1258 740 enim
1302 685 1446 741 idem
1495 686 1691 743 Finees
1730 688 1802 744 ab

213 776 517 832 Israelitico
556 777 759 846 populo
807 777 1114 832 mitteretur
1155 778 1223 832 ad
1267 779 1471 833 tribum
1513 778 1704 834 Ruben
1748 787 1804 836 et

215 867 379 936 Gath,
413 884 536 938 qua:
565 868 806 924 enormis
840 869 1234 940 magnitudinis
1268 871 1438 926 altare
1481 879 1806 926 construxe-

216 969 363 1026 rant,
408 961 513 1015 lioc
555 961 624 1014 ab
645 959 727 1015 eis
777 975 1102 1029 responsum
1133 962 1504 1018 excusationis
1548 963 1801 1033 accepit:

218 1053 582 1108 Fortissimus
615 1052 758 1108 Deus
787 1052 1054 1108 Dominus
1098 1055 1216 1124 ipse
1257 1056 1428 1109 novit.
1460 1055 1538 1110 Ex
1570 1072 1806 1126 quorum

219 1160 489 1216 responso
530 1145 646 1215 ipse
672 1144 908 1200 Pbinees
933 1155 1163 1201 vocatus
1201 1156 1286 1202 est
1321 1146 1524 1214 Helias,
1554 1148 1701 1218 quod
1726 1148 1809 1202 in—

220 1247 592 1309 terpretatur:
625 1236 769 1292 Deus
790 1237 1086 1305 Dominus,
1119 1248 1219 1293 etc.
1265 1280 1278 1295 .
1325 1281 1338 1294 .
1379 1281 1392 1294 .
1439 1280 1452 1294 .
1500 1279 1513 1293 .
1559 1281 1572 1293 .
1616 1280 1629 1293 .
1672 1280 1685 1293 .
1733 1280 1745 1293 .
1792 1281 1805 1294 .

297 1331 469 1384 Roma
509 1330 727 1385 condita
754 1330 808 1384 in
837 1339 1022 1386 monte
1052 1331 1326 1397 Palatino,
1352 1333 1438 1386 11.
1459 1331 1578 1386 Kal.
1608 1330 1758 1397 Maii,
1780 1347 1812 1386 a

225 1419 459 1495 geminis
499 1421 671 1477 Remo
711 1433 765 1477 et
791 1422 1048 1492 Romulo,
1099 1425 1224 1480 filiis
1266 1424 1431 1480 Rheae
1457 1424 1659 1490 Silviae,
1691 1441 1815 1495 qua:

223 1515 468 1570 eratﬁlia
498 1513 800 1570 Numitoris
823 1515 1009 1572 fratris
1037 1517 1180 1588 regis
1210 1517 1435 1580 Amulii,
1467 1517 1622 1587 virgo
1643 1526 1818 1572 vesta-

224 1609 315 1674 lis,
342 1616 422 1664 set
437 1616 792 1678 constuprata
816 1609 872 1663 in
899 1609 1105 1666 salibus
1131 1610 1275 1664 ludis
1301 1609 1365 1663 “.
1394 1608 1610 1664 Sabina:
1628 1616 1814 1678 raptte,

2225 606 2303 661 De
2332 604 2518 677 (1269)
2551 605 2722 675 regnis
2745 603 3152 675 principatibus.

1973 693 2217 751 Primum
2257 713 2487 768 regnum
2513 693 2850 752 Assiriorum
2885 709 2917 749 a
2945 691 3106 758 Nino,
3133 689 3245 745 Bell
3276 689 3408 756 ﬁlio,
3439 696 3493 746 et

1905 787 2268 844 Semiramide
2291 804 2462 844 uxore
2485 789 2607 860 ejus
2629 787 2793 859 cepit,
2820 794 2875 842 et
2903 783 3204 856 permansit
3229 797 3407 854 usque
3425 781 3493 835 ad

1906 875 2492 936 Thonoscon-coleron
2516 895 2719 951 regem,
2752 878 2848 949 qui
2879 875 3049 932 Grece
3072 869 3496 943 Sardanapallus
3599 909 3610 916 .

1906 982 2155 1039 vocatur,
2192 988 2355 1043 quem
2388 972 2626 1027 Abarces
2649 971 2936 1042 praxlectus
2962 967 3243 1023 Medorum
3271 965 3423 1030 vicit,
3446 972 3501 1017 ct

1908 1082 2137 1138 regnum
2168 1067 2300 1121 illud
2347 1066 2401 1120 in
2443 1065 2626 1120 Medos
2669 1062 2965 1119 transtulit.
3005 1059 3064 1114 ln
3098 1075 3166 1114 eo
3210 1065 3499 1130 regnatum

1908 1168 1991 1214 est
2021 1175 2052 1213 a
2079 1158 2298 1229 regibus
2327 1158 2396 1213 56
2435 1157 2593 1212 annis
2617 1157 2778 1222 1940,
2829 1154 2990 1210 factis
3032 1153 3102 1207 ab
3127 1150 3284 1206 initio
3310 1145 3501 1203 mundi

1911 1259 2037 1305 ante
2072 1251 2237 1320 hujus
2265 1249 2418 1319 regni
2445 1257 2695 1303 exortum
2726 1246 3026 1303 secundum
3053 1241 3372 1300 chronieam
3399 1237 3505 1293 Eu-

1913 1343 2049 1398 sebii
2080 1343 2242 1398 annis
2267 1342 2425 1398 5142.
2457 1340 2631 1411 Hujus
2662 1340 2811 1411 regni
2859 1347 3021 1409 caput
3052 1335 3277 1391 Babilon
3311 1332 3505 1388 civitas

1913 1436 2109 1491 extitit.
2167 1434 2283 1491 Hoc
2325 1435 2624 1498 destructo,
2677 1447 2904 1502 regnum
2953 1429 3235 1484 Medorum
3292 1424 3504 1495 incipit,

1916 1528 2063 1598 quod
2091 1543 2121 1582 a
2144 1543 2270 1599 rege
2290 1527 2499 1582 Abarce
2522 1540 2696 1595 usque
2718 1524 2784 1577 ad
2836 1522 3112 1592 Astrigen,
3150 1533 3313 1590 quem
3344 1516 3506 1571 Cirus

1918 1619 2215 1690 superavit,
2252 1627 2476 1674 steterat
2493 1617 2652 1672 annis
2673 1616 2781 1670 259
2804 1614 2906 1669 sub
2926 1613 3146 1683 regibus
3167 1611 3220 1677 8,
3253 1606 3508 1664 Chaldeis

226 1716 376 1756 ³ηηο
404 1700 474 1754 ab
504 1700 636 1754 urbe
664 1701 882 1756 condita
911 1702 1100 1757 ῑθιὌὶο-
1133 1701 1338 1757 Remus
1365 1711 1552 1756 ιἯῑοῐὈ
1572 1702 1617 1733 ³⁵
1635 1709 1817 1772 Pasto-
1849 1775 1882 1779 _
1920 1713 2137 1767 interim
2159 1712 2213 1766 in
2234 1711 2494 1766 Babilone
2515 1726 2622 1765 non
2649 1724 2811 1779 parva
2828 1713 3094 1776 potestate
3127 1700 3505 1772 regnantibus.

225 1793 328 1847 rali
359 1807 390 1846 a
420 1791 610 1858 Fabio,
639 1791 858 1848 Romuli
892 1794 1052 1862 duce,
1078 1794 1315 1850 occisus.

300 1882 588 1950 Ezechias,
637 1885 782 1940 illius
830 1886 1047 1953 Acbaz,
1101 1887 1261 1942 annis
1304 1887 1392 1942 29.
1448 1885 1622 1956 Hujus
1671 1903 1816 1941 anno

229 1986 386 2031 sexto
426 1974 780 2032 Salmanasar
808 1993 902 2033 rex
943 1977 1324 2051 Assyriorum,
1355 1989 1510 2049 capta
1543 1978 1816 2046 Samaria,

229 2069 511 2123 transtulit
537 2069 742 2125 Israhel
763 2071 818 2125 in
843 2071 1118 2143 Assyrios.
1136 2071 1307 2142 Cujus
1330 2088 1556 2142 regnum
1587 2089 1617 2126 a
1639 2073 1818 2146 primo

228 2159 521 2214 Jeroboam
554 2169 780 2216 steterat
819 2163 979 2217 annis
1009 2163 1143 2228 560,
1180 2174 1280 2218 etc.
1327 2205 1339 2218 .
1386 2205 1398 2218 .
1444 2205 1457 2218 .
1503 2205 1518 2219 .
1563 2205 1576 2218 .
1623 2205 1636 2218 .
1681 2205 1695 2218 .
1741 2205 1754 2218 .
1801 2204 1814 2218 .

303 2251 410 2318 Qui
445 2262 625 2307 autem
649 2255 844 2324 reliqui
876 2255 1098 2310 fuerunt
1125 2255 1302 2321 Judei,
1330 2256 1743 2327 transfugerunt
1766 2256 1820 2310 in

235 2343 536 2416 Egiptum.
562 2344 679 2412 Qua
710 2356 833 2416 post
861 2337 1035 2402 annos
1055 2349 1299 2419 quinque
1324 2363 1583 2419 percussa
1606 2364 1636 2402 a
1657 2345 1822 2402 Chal-

233 2437 372 2506 dcis,
405 2438 461 2492 in
485 2437 825 2494 Babiloniam
848 2448 976 2494 sunt
1005 2449 1058 2496 et
1088 2441 1192 2512 ipsi
1231 2441 1624 2512 transmigrati.

667 2573 744 2628 De
772 2575 957 2646 quinta
995 2583 1152 2630 aetate
1185 2577 1388 2632 mundi.

306 2706 508 2773 Quinta
564 2709 753 2764 mundi
775 2718 906 2766 aetas
961 2711 1031 2766 ab
1081 2712 1406 2767 exterminio
1461 2712 1624 2782 ecrpit
1673 2711 1827 2781 regni

238 2798 475 2867 Iudaici,
523 2801 670 2872 quod
716 2801 871 2872 juxta
902 2804 1248 2874 prophetiam
1285 2802 1535 2859 Jeremite
1571 2801 1638 2856 70
1666 2802 1827 2857 annis

242 2892 1824 2961 permansitetc....................

310 2983 598 3039 Consentit
638 2985 726 3040 his
746 2984 1038 3056 Josephus,
1081 2988 1138 3042 in
1187 2987 1400 3044 decimo
1427 2988 1830 3058 Antiquitatum

1848 1775 1891 1830 Β
1919 1804 2060 1858 Exin
2090 1821 2316 1873 regnum
2343 1775 2664 1867 Persarum,
2693 1775 2841 1870 quod
2880 1798 3056 1868 Cyrus
3081 1795 3291 1865 adjecto
3322 1792 3508 1847 .‘lledo-

1915 1910 2040 1949 rum
2071 1894 2547 1962 Chaldeorumque
2590 1907 2758 1962 regno
2777 1889 3066 1960 magnifice
3113 1885 3412 1956 ampliavit,
3445 1884 3514 1936 ab

1919 1987 2041 2056 ipso
2069 1985 2212 2058 Cyro
2237 2001 2413 2056 usque
2451 1985 2518 2039 ad
2568 1983 2790 2038 Darium
2836 1995 3043 2050 regem,
3084 1977 3300 2032 Arsami
3337 1975 3511 2030 ﬁlium

1919 2087 2145 2136 steterat
2187 2077 2348 2133 annis
2371 2076 2471 2132 251
2529 2075 2634 2130 sub
2673 2073 2896 2144 regibus
2928 2071 3016 2125 14.
3053 2069 3170 2124 Hoc
3209 2065 3516 2124 Alexander

1921 2172 2150 2243 Magnus
2201 2187 2295 2226 rex
2346 2169 2706 2226 Macedonum
2773 2166 2957 2222 occiso
3011 2163 3176 2218 Dario
3219 2157 3512 2223 destruxit,

1923 2280 2253 2335 omnemque
2281 2263 2499 2317 sibimet
2522 2262 2790 2316 orientem
2807 2257 3042 2328 subegit,
3057 2263 3113 2311 et
3127 2251 3515 2309 Alexandriam

1923 2357 1980 2411 in
2009 2356 2230 2427 {Egipto
2259 2356 2522 2411 condidit.

1997 2447 2202 2505 Deinde
2253 2463 2498 2518 regnum
2530 2445 2830 2502 Grecorum
2869 2459 2966 2498 seu
2999 2439 3518 2502 Alexandrinorum,

1928 2543 1997 2599 ab
2028 2543 2147 2614 ipso
2175 2541 2489 2597 Alexandro
2515 2540 2711 2611 Magno
2730 2553 2905 2608 usque
2931 2537 2999 2592 ad
3021 2534 3362 2590 Ptolomeum
3395 2530 3523 2585 Dio-

1929 2636 2133 2692 nisium
2165 2643 2230 2689 (3t
2259 2649 2504 2689 sororem
2533 2633 2654 2702 ejus
2693 2631 3040 2699 Cleopatram
3074 2625 3313 2695 Juliique
3336 2622 3522 2676 Caesa-

1930 2729 2008 2784 ris
2037 2731 2439 2792 monarebiam,
2490 2739 2818 2796 permanens
2849 2720 3010 2776 annis
3045 2718 3146 2772 281
3177 2717 3281 2772 sub
3303 2714 3527 2783 regibus

1932 2821 2021 2888 ll,
2054 2822 2308 2890 quamvis
2355 2818 2544 2872 eadem
2595 2815 2884 2884 Cleopatra
2938 2819 3128 2884 postea
3179 2806 3528 2878 permittente

1932 2911 2077 2968 Julio
2100 2911 2172 2966 20
2204 2911 2364 2966 annis
2394 2908 2720 2980 regnaverit,
2771 2920 2944 2977 usque
2991 2903 3060 2958 ad
3090 2898 3372 2957 Octaviani
3409 2897 3526 2953 Au-

1935 3005 2080 3077 gusti
2110 3020 2315 3059 annum
2344 3003 2430 3058 15.

240 3073 382 3128 libro
411 3075 675 3143 scribens,
700 3077 962 3148 templum
987 3089 1041 3133 et
1070 3076 1372 3135 Jerusalem
1401 3088 1454 3134 et
1483 3095 1701 3135 omnem
1730 3078 1830 3134 .lu-
1859 3124 1902 3181 ϐ
1938 3073 1962 3077 ’
2005 3097 2139 3154 pos;
2168 3097 2273 3150 hoc
2293 3093 2820 3150 excellentissimum
2843 3104 3076 3161 regnum
3129 3085 3529 3146 Romanorum.

241 3167 402 3221 deam
433 3167 500 3221 70
535 3169 695 3224 annis
715 3171 1088 3239 permansisse
1109 3172 1433 3227 desolatam.
1475 3171 1581 3240 Qui
1611 3189 1832 3228 rursum

1941 3190 2084 3259 quod
2114 3189 2228 3259 jam
2262 3189 2474 3260 pridem
2507 3187 2609 3242 sub
2645 3185 2865 3254 regibus
2896 3192 2950 3237 et
2986 3179 3306 3236 consulibus
3348 3175 3533 3230 adole-

244 3261 620 3319 enumerando
639 3277 794 3333 reges
835 3262 1116 3320 Babilonis
1135 3293 1206 3304 —
1238 3265 1284 3320 si
1332 3274 1514 3321 tamen
1545 3266 1590 3296 '°
1613 3265 1727 3336 ipse
1754 3266 1834 3322 sic

246 3351 489 3421 scripsit,
513 3361 566 3406 et
594 3367 702 3408 non
725 3353 896 3409 codex
917 3353 1055 3410 fallit
1086 3357 1385 3413 mendosus
1410 3387 1481 3396 —-
1498 3367 1716 3412 centum
1748 3356 1833 3412 fa-

245 3461 369 3501 cere
391 3445 435 3476 "’
459 3461 632 3502 annos
661 3446 732 3501 ab
759 3463 948 3504 eversa
981 3447 1283 3505 Jerusalem
1308 3466 1483 3522 usque
1511 3450 1576 3506 ad
1598 3451 1838 3507 eversio-

244 3557 372 3597 nem
404 3543 554 3614 regni
583 3543 952 3600 Chaldeorum
989 3544 1119 3600 facit
1157 3546 1337 3618 colligi
1374 3554 1475 3602 etc.
1521 3587 1535 3601 .
1579 3587 1594 3602 .
1639 3587 1652 3600 .
1699 3587 1713 3600 .
1759 3587 1774 3602 .
1820 3587 1833 3601 .

319 3635 480 3690 Anno
524 3636 590 3690 18
633 3636 849 3709 imperii
892 3637 1096 3694 Tiberii
1143 3637 1408 3695 Dominus
1431 3655 1529 3695 sua
1585 3639 1841 3710 passione

247 3727 517 3781 mundum
542 3727 791 3794 redemit,
810 3737 863 3784 et
884 3730 1232 3800 pmdicaturi
1260 3746 1356 3802 per
1374 3729 1559 3786 Judeze
1587 3731 1841 3802 regiones

251 3818 506 3888 apostoli,
537 3815 800 3874 Iacobum
823 3819 1048 3878 fratrem
1084 3823 1302 3878 Domini
1325 3823 1664 3880 Jcrosolimis
1689 3824 1840 3879 ordi-

253 3920 386 3965 nant
409 3911 744 3980 episc0pum.
770 3911 1035 3970 Ordinant
1064 3924 1117 3970 et
1147 3916 1178 3968 7
1199 3916 1457 3972 diacones
1485 3935 1500 3983 ;
1530 3925 1583 3972 et
1610 3916 1846 3986 lapidato

256 4000 536 4072 Stephano
586 4004 801 4060 aeelesia
837 4021 934 4076 per
977 4007 1226 4078 regiones
1283 4007 1468 4063 Judeae
1506 4016 1559 4062 et
1586 4006 1847 4060 Samarize

255 4095 590 4166 dispergitur
623 4097 688 4151 ".
732 4096 973 4170 Agrippa
1015 4107 1378 4172 cognomento
1409 4099 1668 4163 Herodes,
1703 4098 1848 4154 filius

257 4186 558 4242 Aristoboli
587 4187 684 4242 ﬁlii
719 4187 950 4247 Herodis
985 4192 1149 4263 regis,
1183 4202 1472 4248 accusator
1506 4191 1735 4248 Herodis
1767 4201 1849 4248 te-

258 4281 495 4335 trarchae
544 4279 775 4337 Romam
824 4282 1122 4354 profectus,
1177 4299 1210 4339 a
1262 4283 1482 4340 Tiberio
1525 4284 1581 4339 in
1633 4284 1850 4341 vincula

260 4372 496 4427 coicitur
523 4374 567 4406 ²⁹
610 4373 705 4430 ubi
737 4375 1004 4445 plurimos
1031 4377 1134 4432 sibi
1177 4376 1372 4432 ascivit
1422 4376 1491 4432 ad
1521 4377 1849 4446 amiciciam,

1937 3291 2110 3350 verat,
2134 3281 2204 3336 ab
2255 3281 2375 3351 ipso
2403 3279 2550 3334 Julio
2593 3277 2811 3334 Caesare
2847 3284 2901 3331 et
2935 3273 3237 3330 Octaviano
3285 3273 3534 3338 Augusto

1939 3389 2300 3445 consurgens,
2331 3372 2482 3428 omni
2529 3386 2698 3442 prope
2730 3369 2936 3425 mundo
2967 3363 3256 3436 imperavit
3277 3371 3334 3419 et
3358 3373 3536 3444 usque

1941 3468 2010 3526 ad
2044 3468 2160 3523 haec
2205 3475 2454 3536 tempora
2482 3463 2748 3536 paulatim
2783 3457 3152 3517 decrescendo
3193 3451 3532 3526 perduravit.

2012 3558 2139 3615 Hatc
2170 3567 2299 3614 sunt
2321 3555 2642 3628 principalia
2667 3569 2832 3626 regna
2852 3568 2950 3624 per
2972 3563 3198 3606 cursum
3225 3556 3536 3616 temporum

1943 3652 2048 3709 sibi
2079 3651 2311 3706 invicem
2336 3647 2704 3715 succedentia,
2736 3646 3054 3718 reliquaque
3076 3655 3243 3712 regna
3269 3637 3540 3694 bellorum

1943 3745 2362 3816 tempestatibus
2395 3742 2717 3814 quatientia.

2015 3836 2161 3892 Inter
2182 3836 2296 3890 haec
2322 3833 2473 3890 fuere
2485 3834 2591 3889 alia
2607 3831 2842 3903 plurima
2871 3845 3059 3901 regna,
3081 3827 3295 3883 minora
3313 3822 3536 3894 quidem

1949 3926 2282 3996 supradictis
2306 3935 2388 3980 set
2409 3934 2592 3981 tamen
2634 3923 3028 3979 historicorum
3063 3919 3204 3974 stilis
3255 3912 3546 3972 celeberri-

1950 4034 2060 4086 ma,
2092 4018 2160 4074 de
2185 4018 2386 4088 quibus
2407 4015 2770 4073 eminentiora
2797 4021 2925 4068 sunt
2948 4012 3065 4066 haec
3091 4028 3104 4064 :
3137 4005 3544 4079 Sycioniorum,

1955 4110 2346 4182 JEgiptiorum,
2362 4109 2713 4181 Argivorum,
2733 4103 3095 4168 Hebreorum,
3111 4094 3474 4154 Atheniensiu
3494 4107 3547 4147 m

1951 4201 2310 4271 Micenarum,
2365 4196 2915 4261 Lacedemoniorum,
2963 4189 3396 4251 Corinthiorum,
3427 4183 3546 4238 Ma-

1955 4294 2249 4362 cedonum,
2302 4293 2587 4358 llidorum,
2639 4288 2815 4350 Sit-ia},
2863 4286 3029 4352 Asiae,
3081 4281 3404 4337 Latinorum
3451 4275 3546 4345 qui

1953 4395 2143 4458 postea
2168 4385 2399 4442 Romani
2441 4383 2694 4455 appellati
2741 4388 2888 4445 sunt.
2928 4377 3021 4433 Set
3060 4376 3127 4430 de
3168 4371 3378 4427 Latinis
3411 4383 3552 4438 quo-

261 4474 318 4524 et
343 4466 579 4523 maxime
610 4466 919 4524 Germanici
952 4469 1124 4524 {ilium
1169 4453 1364 4525 Gaium
1399 4479 1498 4525 etc.
1543 4511 1556 4525 .
1598 4511 1612 4525 .
1657 4512 1670 4524 .
1716 4512 1730 4525 .
1776 4512 1790 4526 .
1837 4512 1851 4526 .
1889 4467 1933 4522 D
1956 4453 2124 4534 inodo
2150 4478 2217 4534 ad
2244 4453 2617 4532 Romanarum
2648 4471 3027 4538 excellentiam
3066 4465 3334 4533 venerint,
3362 4459 3554 4532 paucis

335 4557 682 4616 Domitianus
718 4559 888 4616 frater
923 4561 1030 4616 Titi
1073 4562 1280 4632 junior,
1306 4563 1602 4631 annosi-15,
1635 4579 1853 4620 menses

265 4652 320 4707 5.
354 4649 454 4707 Hic
499 4653 776 4709 secundus
808 4663 934 4725 post
980 4654 1248 4710 Neronem
1285 4656 1614 4712 christianos
1663 4671 1850 4728 perse-

266 4745 472 4814 quitur.
507 4744 622 4801 Sub
650 4762 762 4817 quo
795 4748 1077 4817 apostolus
1106 4746 1382 4804 Iohannes
1409 4749 1464 4803 in
1490 4748 1750 4806 Patbmos
1773 4749 1858 4804 in-

269 4838 445 4894 sulam
478 4841 751 4913 relegatus
775 4850 876 4909 est,
907 4851 960 4896 et
991 4841 1173 4897 Flavia
1206 4842 1503 4910 Domitilla,
1534 4842 1705 4898 Flavii
1730 4841 1856 4899 Cle-

1961 4570 2232 4626 dicamus.
3054 4627 3058 4630 g

2031 4662 2172 4716 Ante
2202 4660 2507 4732 Trojanum
2555 4657 2985 4715 famosissimum
3029 4653 3231 4708 bellum
3270 4645 3560 4715 Trojaulue

1965 4754 2240 4809 excidium
2285 4754 2340 4808 in
2384 4752 2537 4807 Italia
2591 4756 2994 4823 regnaverunt:
3033 4745 3226 4806 Janus,
3262 4739 3564 4802 Saturnus,

1965 4844 2152 4913 Picus,
2174 4845 2419 4911 Faunus,
2454 4844 2684 4900 Latinus
2717 4841 2877 4896 annis
2919 4837 3043 4894 150.
3076 4832 3280 4892 Deinde
3305 4836 3431 4900 post
3455 4837 3574 4888 ter-

1572 4977 1805 5036 VARUE
1845 4976 2249 5034 LECTIONES.

340 5093 385 5126 “
407 5092 1004 5164 ital.2.distinguunt;
1034 5091 1792 5164 constuprata.Consnalibus
1815 5090 2034 5163 ludis'5.
2059 5101 2116 5145 ut
2144 5091 2314 5148 Beda.
2395 5089 2441 5122 ”
2471 5089 2551 5162 ita
2584 5091 2633 5144 l.
2656 5087 2830 5161 ‘2.i.q.
2861 5086 3305 5160 ωηατ-τελεῖτε)
3328 5073 3626 5160 ’ὀεΒςαφ
