3996 5474
419 244 560 316 1363

419 455 773 529 Assyriorum
799 454 1028 526 contigit
1055 467 1220 520 anno,
1256 449 1463 510 Encas
1503 448 1772 521 profugus
1796 447 1921 502 inde
1951 445 2006 500 in

419 547 633 604 Italiam
656 547 904 614 veniens,
925 545 1093 600 ﬁliam
1124 543 1302 600 Latini
1328 543 1612 598 Laviniam
1638 539 1849 611 accepit
1873 553 2010 594 uxo-

421 655 560 706 rem,
586 653 862 709 regnoque
899 636 1324 708 succedensipse
1344 644 1399 691 et
1427 635 1630 706 posteri
1651 633 1771 704 ejus
1797 632 1890 700 15,
1913 629 2008 702 qui

422 745 615 786 omnes
641 729 794 785 Silvii
821 729 1192 801 cognominati
1232 735 1382 795 sunt,
1410 742 1584 798 usque
1619 726 1688 780 ad
1728 723 2010 780 Amulium

427 821 675 889 Silvium,
696 818 1000 879 Numitoris
1025 819 1272 888 fratrem,
1305 821 1361 875 in
1393 819 1528 876 Alba
1571 818 1810 884 civitate,
1843 831 2010 888 quam

421 913 694 970 Ascanius
724 915 914 971 [Encas
957 915 1102 972 ﬁlius
1143 913 1404 980 condidit,
1454 917 1820 984 regnaverunt
1851 900 2012 966 annis

421 1005 548 1061 426.
594 1005 806 1063 Interea
849 1018 1108 1080 regnante
1153 1007 1392 1074 Amulio,
1423 1003 1578 1060 Rhea
1611 1000 1777 1058 Silvia
1807 1017 1932 1074 quas
1959 1010 2014 1058 et

422 1096 544 1154 Alia
565 1099 608 1131 “
649 1097 954 1156 Numitoris
1003 1099 1135 1167 lilia,
1181 1099 1336 1170 virgo
1379 1095 1624 1163 vestalis,
1677 1109 1735 1152 se
1783 1112 1814 1150 a
1842 1093 2013 1150 Marte

423 1207 795 1262 compressam
818 1193 1064 1255 mentita,
1083 1209 1147 1247 ex
1173 1199 1364 1262 stupro
1389 1189 1618 1247 Remum
1641 1196 1695 1243 et
1717 1187 2014 1244 Romulum

424 1285 672 1364 geminos
719 1287 882 1342 enixa
925 1294 1030 1342 est.
1068 1284 1220 1352 Quos
1270 1283 1422 1355 Lupa
1465 1283 1736 1354 quaedam,
1767 1279 2014 1336 Faustuli

423 1376 560 1446 regii
585 1378 822 1447 pastoris
857 1393 1016 1445 uxor,
1053 1377 1300 1434 nutrivit.
1339 1375 1443 1444 Qui
1485 1376 1860 1432 adolescentes
1899 1375 2017 1447 llo-1

387 1473 395 1484 '
425 1483 574 1523 mam
595 1470 982 1538 condiderunt,
1009 1471 1306 1542 occis-eque
1327 1469 1520 1537 Remo,
1560 1468 1830 1525 Romulus
1847 1469 2016 1532 Amu-

423 1559 501 1614 lio
549 1559 720 1616 Silvio
764 1563 1085 1630 succedens,
1128 1563 1244 1634 ipse
1287 1569 1343 1617 et
1383 1577 1479 1618 sex
1516 1575 1867 1618 successores
1894 1559 2017 1630 ejus.

1409 241 1770 302 AD'OPERA
1807 239 1866 295 S.
1905 227 2236 294 GKRV!!!“
2269 221 2714 289 APPENDICES.

417 367 565 424 cium
613 378 820 421 annum
865 361 1176 418 exterminii
1227 358 1429 429 Troiae,
1457 357 1626 429 ,quod
1649 355 1754 413 877
1777 355 1825 388 ³ο
1851 349 2007 426 regni
2035 351 2082 406 A
2107 345 2220 402 dita
2273 341 2422 408 752⁸,
2464 335 2776 429 olimpiadis

3571 214 3597 260 1
3607 211 3708 262 30-!

2821 331 2968 388 195a
3014 341 3162 385 anno
3201 322 3398 392 tercio,
3449 318 3710 380 dominus

2110 443 2300 491 noster
2337 429 2501 486 Jesus
2540 425 2800 483 Christus
2831 422 2887 476 in
2920 417 3191 474 Bethleem
3225 414 3381 470 Iudae
3435 412 3708 474 nascitur,

2109 525 2404 588 transactis
2461 521 2530 576 ab
2579 517 2748 579 inicio
2801 511 2992 570 mundi
3025 507 3326 566 secundum
3380 502 3708 558 Hebr-aitait:

2110 619 2393 674 veritatem
2416 612 2578 669 annis
2613 605 2778 674 5952,
2805 601 3108 661 secundum
3153 595 3500 671 septuaginta
3539 589 3712 649 inter-

2109 719 2296 782 pretes
2326 721 2457 762 vero
2479 702 2642 760 5l99.
3304 689 3308 692 ⁴
3374 781 3379 782 γ
3407 779 3421 782 Α
3678 752 3685 782 1.

2183 803 2274 856 Μ.
2318 797 2525 870 (Πιειι.)
2557 791 2796 850 lnfantcs
2821 803 2924 860 pro
2959 785 3195 852 Domino
3242 779 3596 848 trucidantur
3641 775 3712 831 ab

2113 893 2346 949 Herode.

2186 983 2273 1040 16.
2313 980 2542 1038 Asinius
2562 977 2741 1034 Pollio
2769 981 2954 1030 orator
2973 970 3228 1027 moritur.
3297 1025 3302 1034 ,

2181 1075 2272 1134 47.
2314 1073 2561 1129 llerodes
2583 1086 2680 1128 rex
2700 1067 2871 1124 Judee
2905 1080 3029 1140 cum
3051 1073 3253 1132 magno
3279 1055 3534 1116 cruciatu
3554 1053 3712 1122 obiit,

2114 1185 2215 1243 pro
2244 1183 2355 1240 quo
2383 1165 2688 1222 Archelaus
2709 1159 2958 1232 regnavit
2981 1155 3140 1212 annis
3161 1153 3216 1210 9.

2184 1239 2274 1319 48.
2314 1259 2513 1315 Fames
2541 1272 2739 1328 magna
2769 1253 2907 1310 facta
2937 1257 3021 1306 cst
3050 1246 3240 1302 Romae
3273 1243 3362 1314 (A.
3392 1241 3460 1296 D.
3487 1239 3567 1310 9).

2187 1352 2276 1409 50.
2320 1349 2590 1423 Tyherius
2637 1346 2823 1402 Caesar
2881 1341 3160 1399 Dalmatas
3211 1335 3615 1404 Sarmatasque
3671 1329 3717 1362 ³⁸

2117 1443 2350 1518 subegit.

2189 1517 2278 1592 55.
2317 1532 2442 1588 Jaui
2466 1539 2640 1603 porta:
2663 1529 2732 1584 12
2765 1527 2926 1606 annis
2943 1525 3060 1598 jam
3105 1522 3176 1582 ab
3208 1519 3465 1592 Augusto
3515 1517 3721 1574 clausa

423 1667 604 1724 usque
632 1655 699 1710 ad
729 1654 1092 1726 Tarquinium
1117 1654 1425 1726 Superbum
1461 1661 1829 1727 regnaverunt
1855 1653 2016 1708 annis
2049 1700 2090 1727 ι,
2118 1626 2459 1727 δβξῖξίωξξωκ

423 1744 550 1800 213.
597 1745 805 1803 Deinde
847 1745 1150 1820 Tarquinio
1196 1748 1443 1819 expulso,
1499 1747 1758 1820 regioque
1791 1745 2017 1802 nomine

424 1837 699 1906 abdicato,
727 1842 984 1900 consules
1013 1859 1044 1896 a
1071 1843 1240 1898 Bruto
1273 1857 1394 1898 esse
1445 1849 1724 1912 ceperunt.
1753 1839 1886 1896 Post
1910 1840 2014 1896 hos

425 1927 634 1991 tribuni
685 1931 862 2000 plebis
911 1948 978 1988 ac
1023 1933 1342 1999 dictatores,
1387 1943 1442 1989 et
1491 1934 1688 1989 iterum
1735 1932 2012 1999 consules,

422 2036 542 2076 rem
573 2022 849 2092 publicam
884 2024 1241 2080 obtinuerunt
1269 2041 1368 2096 per
1401 2041 1577 2082 annos
1605 2025 1712 2081 464
1748 2039 1926 2098 usque
1946 2025 2018 2080 ad

423 2110 554 2177 Julii
589 2111 824 2171 Ctesaris
851 2116 1139 2173 dictatoris
1172 2107 1570 2186 monarchiam,
1606 2118 1664 2173 in
1706 2106 1909 2190 quibus
1933 2117 2016 2175 di-

423 2206 598 2267 versis
642 2207 798 2264 bellis
843 2207 1152 2265 Romanum
1199 2226 1428 2282 regnum
1469 2211 1725 2267 excrevit.
1760 2209 2016 2266 Deindea

424 2293 570 2364 Julio
605 2298 824 2356 Caesare
867 2309 922 2356 et
961 2301 1261 2358 Octaviano
1303 2304 1552 2375 Augusto
1602 2282 2014 2374 ampliﬁcatam,

425 2399 602 2452 totum
631 2407 768 2462 pene
801 2392 990 2448 urbem
1039 2393 1156 2450 suis
1199 2394 1412 2466 legibus
1451 2395 1704 2464 subjecit,
1735 2395 2018 2466 multoque

429 2487 676 2554 tempore
703 2483 982 2555 singulare
1023 2485 1316 2556 imperium
1365 2486 1420 2541 in
1453 2487 1586 2542 orbe
1619 2487 1815 2554 tenuit,
1844 2486 2020 2542 donec

425 2576 841 2640 succedentium
872 2577 1446 2653 ignavia'priucipum,
1483 2586 1538 2634 et
1580 2578 1824 2649 undique
1860 2579 1907 2615 ³¹
1929 2579 2018 2634 in-

427 2669 771 2738 surgentium
825 2669 1168 2734 immanitate
1218 2670 1489 2738 bellorum
1547 2671 1618 2727 ad
1659 2671 1807 2728 hunc
1853 2654 2055 2742 quem-

427 2755 594 2828 hodie
625 2761 876 2824 videmus
903 2763 1213 2834 perveniret
1237 2762 1530 2819 defectum.

755 2853 846 2909 DE
879 2853 1013 2910 SEX
1037 2853 1258 2912 MUNDI
1297 2853 1688 2912 ASTATIBUS.

501 2941 670 3014 (Bsnx
697 2943 774 3000 De
798 2945 1118 3018 temporibus
1167 2963 1216 3004 c.
1251 2946 1362 3018 l6.)
1392 2946 1500 3003 Sex
1542 2948 1732 3004 mundi
1765 2948 2022 3007 aetatibus

429 3037 676 3106 tempora
713 3037 1146 3110 distinguuntur.
1184 3038 1368 3096 Prima
1397 3048 1532 3096 mtas
1545 3039 1616 3096 ab
1640 3039 1813 3096 Adam
1848 3058 2026 3113 usque
2051 3050 2094 3108 C.

428 3127 499 3192 ad
529 3127 662 3208 lfioe,
691 3129 978 3188 continens
999 3132 1382 3203 generationes
1407 3131 1494 3196 10,
1516 3148 1692 3188 annos
1711 3149 1840 3189 vero
1863 3133 2022 3207 1656,

429 3239 554 3295 quae
581 3233 691 3282 tota
729 3227 893 3298 periit
919 3227 1147 3295 diluvio,
1175 3229 1318 3291 sicut
1345 3225 1635 3286 infantiam
1663 3243 1911 3300 mergere
1934 3243 2026 3284 so-

428 3321 506 3376 let
529 3323 754 3379 oblivio.
779 3323 1030 3380 Secunda
1059 3340 1089 3380 a
1111 3323 1226 3381 Noe
1259 3340 1435 3397 usque
1465 3325 1533 3381 ad
1572 3325 1873 3393 Abraham,
1930 3343 2024 3398 ge—

429 3414 746 3472 nerationes
779 3415 1030 3471 similiter
1050 3417 1334 3488 complexa
1360 3415 1448 3484 10,
1481 3433 1657 3473 annos
1685 3425 1868 3473 autem
1892 3417 2022 3486 296,

428 3517 555 3572 quae
588 3505 642 3558 in
666 3505 853 3576 lingua
881 3506 1104 3562 inventa
1131 3518 1235 3574 est,
1273 3507 1328 3562 id
1360 3508 1520 3562 estin
1557 3505 1789 3562 l-lebrea.
1821 3506 1868 3560 A
1892 3522 2026 3578 pue-

429 3595 568 3650 ricia
611 3611 852 3667 namque
881 3599 1049 3660 homo
1090 3599 1282 3672 incipit
1306 3615 1470 3657 nosse
1503 3600 1653 3671 loqui
1691 3609 1816 3672 post
1842 3601 2024 3657 infan-

432 3687 568 3746 tiam
599 3704 723 3758 quae
749 3687 852 3744 fari
877 3706 987 3745 non
1015 3700 1214 3762 potest,
1243 3692 1436 3750 Tereia
1458 3694 1528 3750 ab
1551 3693 1828 3751 Abraham
1851 3711 2026 3766 usque

435 3785 506 3850 ad
545 3783 735 3856 David,
771 3791 1148 3860 generationes
1200 3793 1285 3861 ﬂ,
1323 3809 1499 3850 annos
1547 3809 1678 3851 vero
1707 3791 1814 3852 940
1847 3795 2028 3850 conti-

435 3891 608 3945 nens;
658 3887 714 3935 et
741 3881 871 3952 quia
903 3883 972 3938 ab
1001 3885 1370 3942 adolescentia
1421 3888 1613 3959 incipit
1656 3891 1825 3944 homo
1863 3904 2027 3959 posse

436 3981 720 4040 generare,
735 3971 984 4031 Matheus
995 3977 1408 4048 generationum
1421 3994 1486 4034 ex
1497 3979 1774 4034 Abraham
1793 3980 2030 4052 sumpsit

437 4063 746 4133 exordium,
793 4067 890 4138 qui
927 4075 982 4124 et
1019 4078 1174 4141 pater
1233 4071 1477 4142 gentium
1527 4072 1862 4128 constitutus
1920 4083 2024 4129 est.

437 4150 644 4219 Quarta
669 4172 701 4211 a
729 4155 897 4214 David
932 4176 1108 4232 usque
1131 4162 1199 4218 ad
1237 4163 1774 4236 transmigrationem
1805 4164 2024 4231 Babilo-~

433 4243 546 4312 nis,
597 4249 976 4318 generationes
1021 4267 1177 4324 aeque
1228 4253 1296 4308 M
1325 4254 1482 4326 juxta
1527 4253 1824 4324 Matheum,
1853 4272 2028 4314 annos

436 4345 625 4398 autem
667 4339 774 4395 485
809 4343 1114 4412 complexa,
1157 4361 1190 4400 a
1217 4360 1324 4416 qua
1364 4361 1554 4418 regum
1587 4355 1832 4418 tempora
1863 4363 2062 4420 cepe-9

435 4443 588 4490 runt.
654 4433 918 4506 Iuvenilis
969 4441 1116 4496 enim
1158 4442 1396 4514 dignitas
1451 4461 1620 4517 regno
1676 4455 1760 4501 cst
1804 4446 2023 4502 habilis.

438 4524 640 4592 Quinta
669 4529 866 4586 deinde
885 4548 1061 4604 usque
1086 4534 1152 4589 ad
1185 4535 1474 4592 adventum
1507 4537 1806 4594 Salvatoris
1829 4538 1883 4593 in
1907 4555 2028 4595 car-

437 4633 586 4687 nem,
635 4624 1079 4693 generationibus
1115 4635 1169 4682 et
1203 4628 1318 4698 ipsa
1353 4629 1444 4696 14,
1496 4631 1658 4686 annis
1706 4639 1886 4686 autem
1919 4631 2026 4687 589

439 4717 678 4766 extenta.
710 4711 770 4768 ln
809 4729 918 4784 qua
952 4723 1014 4770 ut
1044 4717 1197 4788 gravi
1231 4727 1512 4778 senectute
1550 4719 1696 4777 fessa
1733 4721 1894 4778 malis
1917 4736 2030 4776 cre-

439 4799 720 4860 brioribus
739 4806 894 4874 plebs
938 4805 1150 4864 Hebrea
1173 4821 1488 4880 quassatur.
1535 4811 1698 4868 Sexta
1733 4828 1858 4884 quae
1881 4828 2031 4869 nunc

440 4891 652 4962 agitur,
701 4896 853 4952 nulla
912 4901 1328 4970 generationum
1388 4903 1474 4958 vel
1521 4911 1832 4974 temporum
1886 4905 2030 4970 serie

2049 1700 2092 1756 Β
2191 1719 2280 1774 5-1.
2323 1715 2555 1772 Messala
2579 1713 2852 1769 Corvinus
2875 1718 3066 1768 orator
3097 1705 3354 1763 moritur.

2322 1806 2554 1878 Eclipsis
2576 1805 2713 1862 solis
2734 1803 2878 1858 facta
2903 1810 3008 1857 cst.

2189 1901 2278 1957 56.
2319 1899 2624 1954 Archelaus
2664 1897 2720 1952 in
2755 1893 3024 1950 Viennam
3061 1889 3250 1946 Gallia:
3279 1885 3475 1942 urbem
3505 1882 3581 1938 ab
3607 1879 3719 1936 Au-

2117 1999 2278 2063 gusto
2308 1989 2602 2060 relegatur,
2637 1994 2694 2042 et
2728 1985 3012 2056 Augustus
3049 1979 3305 2044 moritur,
3363 1989 3514 2031 anno
3541 1981 3720 2028 matrs

2117 2100 2233 2139 sure
2256 2082 2368 2148 76°,
2405 2089 2460 2136 et
2488 2079 2660 2134 Judca
2690 2076 2981 2134 tetrarchis
3002 2073 3364 2131 committitur
3387 2069 3481 2144 (Α.
3507 2067 3578 2122 D.
3611 2065 3715 2131 l5}.

2189 2169 2541 2227 TYBEltlUS
2590 2169 2725 2236 2ιιε,
2787 2166 3074 2240 privignus
3131 2161 3401 2236 Augusti,
3469 2156 3720 2232 regnavit

2117 2265 2282 2323 annis
2301 2266 2394 2320 25.

2190 2359 2242 2412 1.
2284 2355 2526 2412 Herodes
2583 2353 2858 2414 tetrarcba
2908 2350 3208 2408 Judeorum
3262 2362 3499 2420 regnum
3549 2342 3722 2420 tenuit

2119 2449 2279 2505 annis
2306 2449 2398 2504 21.

2191 2541 2245 2596 2.
2289 2539 2655 2595 Mathematici
2686 2535 2834 2593 Urbe
2855 2535 3154 2608 pelluntur.
3255 2547 3260 2552 '

2191 2633 2245 2688 5.
2287 2631 2475 2690 Livius
2503 2628 2931 2704 historiogral‘us
2955 2628 3212 2688 moritur.
3229 2623 3470 2685 Ovidius
3485 2628 3649 2696 poeta
3667 2621 3722 2676 in

2119 2725 2286 2782 exilio
2307 2725 2564 2782 moritur.

2197 2817 2246 2872 ι.
2290 2815 2654 2872 Germanicus
2685 2831 2716 2869 a
2743 2813 2979 2887 Tyberio
3006 2811 3214 2868 missus
3239 2808 3552 2864 Germanos
3573 2805 3722 2862 vicit.

2191 2909 2245 2966 5.
2287 2908 2583 2982 (Carteiam)
2614 2905 2899 2964 Tredecim
2937 2903 3107 2970 urbes
3139 2912 3458 2960 terreamotu
3492 2913 3723 2968 corrue-

2123 3011 2272 3059 runt.
2306 3000 2666 3058 Germanicus
2693 3015 2870 3058 caesar
2896 2999 3154 3064 moritur,

2197 3093 2252 3150 6.
2277 3091 2581 3150 Fenestella
2624 3090 3104 3164 historiographus
3141 3096 3200 3144 et
3251 3094 3414 3158 poeta
3461 3083 3722 3141 moritur.

2198 3188 2250 3244 7.
2291 3186 2560 3260 Tyberius
2581 3185 2785 3242 multos
2805 3198 2964 3258 reges
2987 3182 3056 3238 ad
3078 3196 3137 3238 se
3159 3187 3388 3238 vocatos
3413 3177 3548 3234 dolo
3594 3191 3732 3234 nun-

2123 3292 2290 3349 quam
2311 3275 2542 3334 remisit.

2195 3369 2249 3427 8.
2289 3367 2539 3439 Pompeii
2564 3367 2840 3423 theatrum
2877 3364 3163 3424 incensum
3195 3370 3295 3419 est.

2195 3461 2248 3516 9.
2291 3459 2557 3532 'l‘yberius
2608 3457 2846 3515 Drusum
2898 3463 3210 3516 consortem
3247 3452 3406 3526 regni
3453 3451 3616 3522 fecit,
3634 3450 3728 3523 qui

2123 3550 2314 3624 eodem
2341 3565 2488 3606 anno
2511 3564 2724 3605 veneno
2758 3549 2940 3620 periit.

2197 3643 2286 3698 12.
2326 3640 2536 3698 Pilatus
2565 3655 2767 3712 praeses
2787 3638 2975 3695 Judea:
2995 3653 3028 3692 a
3057 3634 3292 3709 Tyberio
3311 3633 3576 3689 mittitur.

2199 3736 2288 3791 15.
2321 3735 2368 3767 ³⁵
2391 3732 2660 3791 Dominus
2677 3731 2838 3802 Jesus
2866 3730 3124 3786 Christus
3144 3743 3176 3784 a
3199 3725 3452 3782 Iohanne
3474 3724 3724 3796 baptiza-

2124 3836 2236 3896 tur,
2277 3825 2554 3882 tricesimo
2576 3837 2722 3878 anno
2768 3820 2945 3895 aetatis
2987 3834 3102 3876 suae
3125 3818 3421 3874 inchoante
3448 3823 3504 3872 et
3529 3815 3724 3886 pradi-

2127 3934 2254 3976 carc
2283 3919 2427 3989 cepit
2451 3917 2537 3989 (Α.
2571 3915 2638 3970 D.
2672 3913 2785 3986 50).

2204 4012 2288 4068 l7.
2327 4010 2608 4073 Iohannes
2651 4006 2889 4080 baptista
2930 4005 3000 4061 ab
3036 4001 3250 4060 Herode
3277 4001 3595 4056 thetrarcha
3631 3999 3724 4054 (ie-

2132 4105 2387 4176 collatur.
2738 4092 2744 4095 ’

2203 4198 2290 4254 18.
2327 4195 2596 4252 Dominus
2627 4191 2960 4262 ierosolimis
2987 4205 3187 4262 passus
3207 4196 3294 4244 est
3322 4195 3378 4242 et
3402 4187 3722 4248 resurrexit.

2129 4289 2362 4362 Eclipsis
2389 4288 2588 4344 soliset
2614 4286 2842 4342 maximi
2872 4294 3029 4340 terrae
3058 4292 3240 4336 motus
3266 4279 3397 4336 facti
3417 4287 3573 4336 sunt.

2203 4383 2286 4438 19.
2331 4380 2536 4454 (illam)
2555 4379 2794 4436 Iacobus
2825 4377 2992 4433 frater
3006 4371 3250 4439 Domini,
3275 4370 3723 4426 Icrosolimomm

2133 4475 2420 4546 episcopus
2466 4473 2536 4528 ab
2583 4471 2848 4543 apostolis
2893 4468 3204 4531 ordinatus,
3255 4464 3398 4520 sedit
3425 4463 3591 4518 annis
3635 4459 3721 4516 50.

2137 4567 2435 4637 Stephanus
2461 4564 2755 4636 lapidatur.
2783 4561 2988 4618 Paulus
3029 4559 3352 4613 convertitur
3375 4557 3440 4610 ³⁵.

2204 4675 2294 4730 20.
2333 4674 2543 4730 Pilatus
2563 4673 2854 4744 imaginem
2885 4669 3106 4727 caasaris
3134 4666 3191 4722 in
3222 4665 3426 4737 templo
3455 4671 3720 4726 statuer..,

2134 4767 2455 4826 seditionem
2491 4764 2746 4822 excitavit
2767 4762 2951 4832 (A..D.
2985 4762 3100 4837 '55).

2205 4879 2294 4934 21.
2336 4876 2544 4933 Pilatus
2577 4874 2808 4942 Romam
2837 4873 3005 4949 venit,
3029 4871 3176 4928 etde
3200 4867 3486 4926 miraculis
3510 4861 3723 4921 Doniini

2139 4969 2310 4998 AﬁnA-:
2341 4967 2618 4998 nunnn:n‘v=l
