3996 5474
467 237 604 294 1507

1458 239 1546 296 AD
1579 238 1808 294 OPEiiA
1845 236 1902 292 S.
1941 232 2268 292 GREGORII
2305 227 2748 286 APPEN‘DICES.

3615 217 3750 274 1508

466 352 570 408 bus
611 353 664 408 5.
707 352 807 409 ilic
864 355 1120 411 omnibus
1169 354 1402 410 infectus
1465 355 1783 421 sceleribus,
1812 351 2053 408 secundo
2083 352 2128 406 Α
2155 346 2474 414 Palicarpus
2535 341 2777 412 Smyrna:
2805 338 3101 408 episcopus,
3146 333 3514 404 apostolorum
3589 329 3754 383 disci-

467 445 815 515 persequitur
829 447 1178 504 christianos.

542 536 594 590 1.
625 535 966 594 Domitianus
999 538 1282 594 eunuchos
1311 540 1426 594 fieri
1460 539 1756 610 prohibuit.

544 625 598 680 2.
629 626 852 682 Decreto
887 636 1110 683 senatus
1133 628 1288 684 Titus
1311 630 1453 684 inter
1480 631 1611 684 deos
1643 629 1886 684 refertur

471 718 783 885 (45.οΤῗῶ
823 721 1062 791 virgines
1083 720 1260 779 Vesta:
1312 724 1384 777 ob
1434 731 1682 793 stuprum
1731 722 2060 776 damnantur

2155 437 2332 510 pultis.

2184 557 2186 562 -
2229 531 2281 585 9.
2326 528 2441 584 Hoc
2487 535 2730 596 tempore
2759 523 2970 578 Plinius
3039 519 3348 584 Secundus,
3387 513 3757 587 philosophus

2065 629 2068 634 ’
2160 623 2364 686 clarus,
2388 636 2486 690 pro
2525 617 2842 675 Christianis
2865 615 3163 685 Trajanum
3197 610 3426 680 mitigat.

2235 713 2320 768 10.
2349 712 2530 766 Terrae
2559 717 2743 764 motus
2779 707 2984 761 multas
3006 704 3171 759 urbes
3193 700 3486 765 subvertit,
3511 707 3566 753 et
3592 712 3761 751 aurea

2163 806 2360 860 domus
2379 800 2612 856 Neronis
2635 797 2888 854 incendio
2909 795 3088 868 periit,
3117 802 3172 848 et
3202 792 3505 863 pantheum
3529 788 3760 843 fulmine

546 902 601 956 4.
643 902 891 959 Anianus
938 904 1148 975 primus
1201 914 1326 978 post
1387 907 1630 962 Marcum
1673 906 2062 976 evangeiistam
2165 904 2572 953 conm-amatum
2601 901 2686 947 est
2707 891 2793 962 (Α.
2833 889 2902 943 D.
2936 886 3079 953 109).

472 993 769 1065 cpiscopus
793 996 1154 1066 Alexandriae,
1180 1011 1307 1069 post
1327 1015 1501 1055 annos
1521 999 1593 1053 22
1627 999 1788 1065 obiit;
1819 1015 1917 1068 pro
1954 1013 2066 1068 quo

475 1085 693 1143 Ahilius
717 1088 810 1142 2“
834 1091 974 1145 sedit
990 1092 1150 1146 annis
1180 1093 1266 1146 15.

517 1272 529 1285 .
553 1180 606 1236 6.
649 1180 992 1240 Domitianus
1020 1199 1080 1240 se
1103 1183 1274 1240 Deum
1297 1192 1352 1240 et
1381 1183 1666 1240 dominum
1698 1180 1922 1253 apellari
1950 1181 2070 1252 jus-

484 1281 558 1330 ιη

485 1364 1020 1529 υ8ὀοῗυίηῑί1ἰθηυε
1066 1369 1254 1424 rethor
1279 1368 1468 1425 Romae
1501 1370 1682 1425 clarus
1727 1368 1959 1424 habetur
1980 1366 2069 1439 (Α.

555 1545 609 1602 9.
653 1545 752 1604 llic
779 1548 986 1605 heresis
1007 1547 1288 1605 Menandri
1313 1551 1455 1623 magi
1484 1560 1539 1606 et
1571 1529 1987 1606 Hebionitarum
2021 1557 2078 1604 et

490 1638 940 1696 Cherinthiorum
963 1651 1019 1697 et
1046 1641 1433 1698 Nicolaitarum
1472 1644 1736 1699 exoritur.

2242 989 2326 1042 l2.
2369 985 2672 1040 Alexander
2697 999 2838 1053 papa
2860 983 2974 1048 δυ,
3004 978 3143 1034 sedit
3175 976 3334 1032 annis
3387 975 3452 1028 10
3473 973 3542 1040 ³³,
3586 971 3678 1042 qui
3710 971 3764 1026 5.

2171 1080 2358 1136 Nonas
2385 1078 2544 1132 Matii
2582 1075 2827 1135 martirio
2851 1079 3132 1126 coronatus
3154 1077 3250 1123 est.

2244 1171 2327 1225 15.
2365 1167 2704 1224 Alexandriae
2755 1164 2974 1224 Primus
3024 1161 3315 1232 cpiscopus
3335 1164 3592 1228 quartus,
3629 1152 3770 1208 sedit

2175 1264 2242 1319 12
2275 1262 2454 1317 annis.

2249 1356 2336 1410 M.
2363 1354 2493 1410 Post
2524 1351 2744 1408 Iustum
2794 1346 3123 1405 lerosolimae
3161 1343 3483 1415 episcopum
3522 1337 3775 1392 Zaeheus

2176 1449 2334 1507 sedit.

2256 1542 2340 1596 l5.
2384 1538 2572 1594 Terrae
2603 1542 2786 1592 motus
2817 1547 2955 1604 pene
3012 1537 3182 1584 totam
3228 1522 3583 1580 Antiochiam
3641 1517 3776 1573 sub-

2179 1633 2308 1688 ruit.

562 1728 647 1783 10.
691 1728 804 1786 Hoc
827 1739 1070 1802 tempore
1107 1697 1780 1806 Romaniplurimamala
1820 1749 1850 1788 a
1891 1749 2080 1789 cesare
2111 1697 2154 1751 Β
2255 1724 2341 1778 16.
2385 1721 2656 1792 Traianus
2683 1715 3020 1779 Armeniam.
3065 1709 3332 1767 ASSiriam
3376 1715 3433 1762 ει
3467 1702 3779 1772 Μοεοροιν

490 1828 546 1875 et
573 1821 641 1876 ab
668 1822 920 1879 hostibus
948 1826 1308 1894 pertulerunt.

568 1911 652 1966 11.
697 1911 1038 1971 Domitianus
1061 1917 1128 1971 de
1165 1916 1327 1973 Dacis
1350 1927 1403 1973 et
1426 1917 1714 1975 Germanis
1742 1919 2042 1988 triunphat.

532 2003 654 2104 .12.
695 2003 949 2104 Clemens
981 2008 1098 2104 _5u9
1147 2024 1308 2079 papa,
1367 2011 1508 2066 sedit
1558 2011 1717 2067 annis
1752 2013 1805 2066 9.
1829 2010 2083 2064 Cornelia

493 2097 649 2165 virgo
687 2097 911 2153 vestalis
946 2098 1017 2153 ob
1052 2107 1301 2169 stuprum
1333 2102 1453 2156 viva
1478 2101 1694 2157 defossa
1728 2111 1832 2158 est.

571 2183 707 2255 [Cod
735 2187 792 2240 in
821 2204 1029 2258 marg.:
1065 2189 1202 2244 Nota
1234 2191 1278 2222 ⁵⁸
1319 2193 1675 2262 repugnantia
1737 2192 1928 2256 videri,
1963 2191 2086 2262 Clee

643 2266 892 2341 ruentem‘
908 2274 1107 2341 papam
1132 2261 1222 2341 52°
1257 2261 1410 2341 anno.
1447 2261 1570 2332 post
1618 2271 1851 2341 mortem
1897 2261 2085 2320 Jacobi

641 2326 827 2402 fratris
855 2326 1070 2402 Domini
1096 2331 1413 2402 intronizari
1437 2326 1749 2402 apostolicm
1784 2334 1920 2400 sedi,
1947 2342 2001 2387 ct
2020 2333 2088 2387 ad

642 2399 875 2453 eundem
914 2399 1095 2470 aliqua
1123 2401 1417 2457 dccretalia
1447 2399 1850 2476 constituisse]

577 2491 664 2546 15.
693 2490 1038 2550 Domitianus
1061 2496 1263 2551 multos
1292 2496 1556 2551 nobilium
1585 2497 1802 2552 occidit.

576 2579 664 2635 1-1.
692 2578 970 2639 Iohannes
993 2586 1276 2654 apostolus
1305 2586 1361 2640 in
1376 2585 1638 2642 Pathmos
1668 2587 1900 2642 insulam
1927 2603 1956 2640 a
1983 2585 2092 2640 Do—

503 2667 736 2725 mitiano
758 2670 814 2725 in
838 2673 1061 2728 exilium
1085 2675 1310 2743 missus,
1334 2676 1671 2747 apocalipsin
1696 2675 1935 2746 scripsit.

581 2763 669 2820 15.
713 2763 1059 2821 Domitianus
1087 2766 1326 2823 Flaviam
1367 2769 1695 2824 Domitillam
1721 2786 1846 2824 cum
1905 2770 2092 2827 muitis

507 2854 630 2911 aliis
666 2853 963 2912 inexilium
985 2873 1085 2928 pro
1108 2858 1211 2914 fide
1241 2858 1444 2915 Christi
1475 2860 1752 2932 relegavit.

583 2945 668 3000 16.
713 2946 1056 3005 Domitianus
1087 2965 1213 3005 eum
1254 2951 1426 3009 multa
1476 2953 1617 3006 mala
1655 2951 1875 3023 egisset,
1899 2951 2095 3006 crude-

510 3036 636 3092 liter
656 3054 685 3092 a
704 3039 819 3095 suis
845 3039 1026 3096 interfi
1040 3051 1161 3098 ctus
1182 3050 1283 3098 est.
1857 3052 1860 3056 ’

584 3130 821 3188 NEHVA
852 3135 999 3204 1οιιο,
1031 3129 1218 3204 senex,
1247 3153 1452 3192 annum
1484 3139 1533 3206 1,
1559 3155 1775 3195 menses
1810 3138 1865 3204 4,
1898 3139 2013 3194 dies
2048 3137 2099 3192 8.

516 3219 616 3278 Hic
648 3223 825 3294 primo
865 3227 1044 3283 edicto
1067 3245 1168 3285 suo
1195 3244 1385 3284 omnes
1409 3230 1594 3285 exules
1625 3230 1916 3285 revocavit.

591 3315 641 3368 1.
679 3314 913 3373 Sanctus
935 3316 1210 3376 Iohannes
1248 3322 1527 3391 apostolus
1555 3322 1623 3376 ab
1645 3322 1838 3376 exsilio
1867 3321 2105 3388 rediens,

520 3410 862 3480 evangelium
899 3411 1136 3481 scripsit.
1159 3413 1334 3469 Nerva
1361 3416 1555 3470 morbo
1579 3413 1861 3470 confectus
1888 3415 2042 3470 obiit.

591 3501 950 3556 TRAIANUS
985 3505 1136 3571 ll“,
1191 3522 1385 3577 genere
1431 3506 1727 3576 Hispanus,
1786 3521 1962 3562 annos
2018 3505 2106 3572 19,

522 3607 741 3648 menses
761 3593 816 3662 6,
845 3595 962 3650 dies
985 3595 1071 3662 15,
1093 3597 1176 3650 vir
1201 3599 1278 3652 rei
1304 3599 1534 3667 publicae
1585 3598 1754 3665 utilis,
1778 3598 1874 3652 sed
1926 3612 2111 3652 errore

523 3685 804 3756 deceptus,
832 3687 1001 3743 tercio
1037 3690 1381 3760 persequitur
1404 3691 1753 3746 christianos.

499 3783 503 3788 '
599 3779 649 3832 1.
687 3779 1028 3837 Alexandriae
1087 3781 1264 3838 Cerdo
1335 3784 1626 3854 episcopus
1686 3783 1912 3851 tercius,
1975 3781 2115 3838 sedit

527 3871 686 3926 annis
722 3871 808 3927 l2.

500 3970 503 3972 '
594 3963 649 4018 2.
682 3961 958 4023 Iohannes
982 3967 1263 4038 apostolus
1298 3969 1440 4039 apud
1467 3968 1743 4039 Ephesum
1773 3967 2030 4028 dormivit
2057 3967 2115 4030 in

529 4071 682 4125 pace,
719 4072 866 4112 anno
889 4073 920 4112 a
943 4059 1200 4128 passione
1222 4058 1440 4114 Domini
1465 4059 1553 4115 68.

599 4149 633 4202 5
671 4147 737 4203 δ’.
768 4149 928 4204 Liber
979 4152 1155 4207 sancti
1216 4151 1471 4208 Ieronimi
1522 4155 1588 4208 de
1625 4152 1760 4208 viris
1807 4153 2116 4208 illustribus

531 4241 747 4308 asserit,
779 4242 1114 4299 Clementem
1159 4261 1354 4315 papam
1391 4246 1480 4301 hic
1541 4247 1724 4302 obisse
1749 4246 1802 4300 9.
1838 4244 1957 4300 Kal.
1984 4244 2112 4300 Dec.

532 4333 578 4364 '°
609 4343 662 4388 et
683 4344 939 4404 quartum
977 4351 1009 4390 a
1056 4336 1216 4391 beato
1242 4337 1404 4392 Petro
1428 4338 1618 4394 fuisse.

2181 1829 2348 1871 mnam
2371 1810 2680 1883 provincias
2706 1807 2836 1864 facit
2857 1807 2946 1878 (A.
2977 1803 3045 1857 D.
3081 1800 3227 1871 115).

2256 1907 2341 1962 17.
2367 1905 2610 1977 lgnatius
2634 1899 2936 1955 Antiochiae
2961 1896 3252 1967 episcopus
3277 1887 3676 1945 martirizatur.

2258 1999 2342 2055 18.
2374 1974 2530 2052 ³-Πάθί
2568 1992 2826 2050 commoti
2865 2003 3093 2060 magnas
3129 1985 3291 2041 cedes
3353 1979 3647 2036 hominum
3705 1974 3785 2028 fa-

2185 2093 2356 2159 ciunt,
2377 2099 2461 2146 set
2488 2089 2544 2144 in
2589 2083 2915 2141 Alexandria
2965 2080 3094 2136 victi
3143 2077 3212 2132 ab
3254 2072 3520 2131 omnibus
3580 2069 3786 2138 ubique

2139 2203 2148 2217 ·
2188 2185 2549 2241 trucidantur.

2260 2277 2347 2332 19.
2394 2273 2666 2344 Trajanus
2711 2268 2855 2341 apud
2899 2263 3203 2322 Seleuciam
3253 2256 3530 2330 proﬂuvio
3579 2251 3786 2307 ventris

2188 2368 2442 2432 moritur,
2475 2381 2618 2420 anno
2641 2363 2816 2418 aetatis
2837 2360 2925 2414 61.

2263 2456 2520 2513 HELIUS
2549 2451 2900 2509 ADRIANUS
2926 2449 3047 2504 i2“
3097 2444 3257 2500 annis
3290 2442 3381 2496 2i.
3409 2439 3516 2494 Hic
3533 2453 3636 2509 per
3655 2435 3792 2501 Qua—

2190 2555 2407 2610 dratum
2436 2548 2763 2618 discipulum
2797 2541 3167 2613 apostolorum
3205 2543 3261 2590 et
3281 2532 3583 2587 Aristidem
3615 2530 3790 2581 virum

2192 2646 2492 2718 sapientem
2515 2641 2669 2697 libris
2716 2634 3067 2710 apologeticis
3103 2631 3350 2695 edoctus,
3376 2625 3530 2680 mitis
3565 2621 3795 2676 edicitur

2198 2736 2537 2794 Christianis.

2267 2829 2319 2882 1.
2359 2825 2636 2882 Adrianus
2663 2817 3044 2876 Alexandriam
3070 2811 3304 2885 publicis
3332 2806 3675 2864 restauravit
3703 2819 3796 2859 ex-

2194 2921 2408 2994 pensis.
3384 2938 3386 2940 ν

2126 3044 2169 3102 C
2197 2989 2216 2994 —
2271 3016 2327 3068 2.
2368 3011 2637 3066 Adrianus
2675 3007 2872 3062 iterum
2906 3000 3110 3057 Iudeos
3141 2993 3515 3102 proﬂigat‘m.
3541 2992 3614 3046 D.
3653 2989 3794 3048 l20).

2277 3106 2330 3160 5.
2375 3102 2561 3157 Sixtus
2596 3114 2734 3169 papa
2761 3097 2878 3162 ϐαι,
2907 3093 3046 3150 sedit
3067 3106 3240 3147 annos
3272 3087 3358 3142 i2.
3389 3085 3670 3140 Adrianus
3688 3082 3802 3152 plu-

2208 3198 2346 3254 rima
2371 3195 2572 3249 tributa
2597 3191 2819 3245 relaxat.

2191 3319 2198 3322 -
2281 3291 2334 3344 4.
2378 3287 2561 3342 Terra:
2585 3293 2766 3339 motus
2805 3280 2982 3334 factus
3001 3284 3103 3332 est.
3133 3274 3342 3330 Bellum
3367 3277 3563 3326 contra
3594 3266 3800 3320 Sauro-

2210 3389 2389 3437 matas
2411 3385 2642 3450 gestum.

2379 3445 2654 3524 Adrianus
2687 3466 2740 3519 in
2763 3463 2995 3528 Lihiam,
3021 3474 3143 3530 qua:
3173 3473 3204 3512 a
3227 3454 3417 3510 Iudeis
3443 3457 3661 3506 vastata
3687 3445 3804 3500 fue-

2213 3573 2319 3630 rat,
2344 3563 2590 3620 colonias
2613 3557 2852 3615 deducit.
2951 3589 2954 3596 ι

2285 3657 2338 3712 6.
2381 3652 2721 3710 Alexandriae
2744 3648 2994 3703 Iustinus
3031 3644 3324 3714 episeOpus
3372 3640 3493 3704 5'“,
3526 3635 3670 3691 sedit
3703 3647 3803 3686 an—

2214 3750 2303 3806 nis
2331 3749 2416 3802 11.
2445 3741 2718 3800 Adrianus
2784 3742 2955 3810 legem
3021 3735 3170 3790 dedit
3210 3729 3664 3786 Atheniensibus.

2289 3843 2340 3894 7.
2398 3835 2733 3892 lerosolimfs
2764 3840 2887 3903 post
2907 3828 3218 3897 Philippum
3274 3823 3573 3893 episcopus
3603 3817 3804 3872 Seneca

2219 3935 2376 3989 ιυυι.
2408 3930 2495 3998 (Α.
2523 3927 2590 3981 ι).
2627 3925 2772 3988 125).
2807 3968 2809 3970 .

2220 4123 2222 4126 ν
2289 4047 2341 4101 8.
2367 4044 2481 4098 Hoc
2506 4049 2750 4110 tempore
2771 4035 2967 4106 Aquila
2991 4033 3260 4100 interpres
3291 4027 3548 4081 habetur.

2289 4160 2342 4214 9.
2385 4156 2656 4212 Adrianus
2691 4146 3038 4222 apologeticis
3070 4150 3391 4198 nostrorum
3429 4135 3689 4207 acceptis,
3738 4133 3804 4185 li-

2219 4261 2368 4308 teras
2395 4266 2494 4321 pro
2525 4243 2842 4304 Christianis
2875 4238 3044 4295 misit.

2295 4367 2380 4420 ll.
2424 4363 2520 4417 llis
2541 4359 2878 4430 temporibus
2915 4351 3246 4408 Saturninus
3287 4343 3562 4401 Basilides
3587 4351 3645 4397 et
3680 4339 3806 4394 Car—

605 4428 657 4531 4.·
699 4427 995 4531 aures?“
1015 4445 1160 4531 Bap.“
1190 4431 1480 4531 ⁴υ⁸χδθέίι
1507 4431 1664 4531 {mnis
1693 4430 1726 4531 ἓ
1769 4448 1956 4531 Ρξξωδ
1981 4431 2021 4531 5f
2064 4431 2118 4485 θ’
2154 4409 2198 4461 D
2226 4409 2474 4531 pocrates
2758 4409 3141 4504 condiderunt.

536 4518 663 4668 Κέι.
706 4520 988 4577 Novembr.
1015 4522 1284 4593 Trajanus
1307 4525 1374 4579 de
1399 4523 1558 4580 Dacis
1584 4532 1639 4578 et
1694 4522 1897 4579 Scithis
1941 4525 2120 4578 triun-

537 4629 572 4668 ι)
613 4623 686 4668 at.

502 4642 514 4682 ;.
536 4623 686 4684 phat.

607 4708 660 4762 5.
703 4706 972 4779 Trajanus
1003 4708 1205 4765 multas
1233 4718 1421 4781 gentes
1458 4707 1706 4764 Romano
1752 4709 1985 4779 subjecit
2019 4708 2123 4763 im-

461 4837 464 4843 .
539 4815 712 4871 perio.
1283 4847 1288 4856 .

601 4891 666 4990 .6.
708 4891 823 4990 Hoc
850 4903 1094 4966 tempore
1115 4895 1371 4968 Symeon,
1405 4895 1618 4965 Cleopae
1666 4895 1830 4962 ﬁlius,
1872 4892 2126 4952 lcrosoli-

2300 4570 2388 4628 l2.
2428 4565 2700 4622 Adrianus
2765 4567 2917 4631 pater
2960 4553 3174 4629 Lpatria‘.
3230 4548 3484 4621 primus:
3518 4544 3811 4616 appellatur

2229 4664 2316 4736 (Α.
2355 4660 2422 4714 1).
2452 4659 2595 4729 150).

2193 4797 2196 4800 ·
2303 4776 2389 4830 15.
2431 4763 2734 4826 Antiochiae
2760 4762 3051 4820 Cornelius
3099 4757 3391 4829 episcopus
3444 4748 3806 4807 constituitur.

2229 4866 2508 4938 Nicopolis
2537 4873 2593 4919 et
2619 4861 2869 4916 Cmsarea
2895 4867 3054 4912 terrae
3076 4860 3228 4908 motu
3257 4853 3609 4906 corruerunt.

2352 4983 2364 4990 .
2430 4978 2481 4990 η.
2533 4987 2539 4989 .
2631 4976 2670 4990 Il.
2899 4988 2902 4989 ν
2936 4970 2956 4990 ι
3001 4968 3017 4990 Ι
3040 4967 3220 4990 1-..-..4-
3267 4964 3584 4990 ἐκακηυηθηνδ
3639 4965 3810 4990 ηιατυς
