3996 5474
220 236 369 293 1509

1112 243 1401 301 APPEND.
1436 244 1527 302 Ill.
1565 276 1637 289 --
1674 244 2112 304 MONUMENTA
2147 242 2614 305 GREGORIANA.

3370 253 3513 312 1510

218 353 520 422 hysteriam
546 353 731 427 (1270)
747 354 964 411 Eusebii
994 359 1150 413 annis
1176 359 1259 414 1'1.
1285 359 1489 416 Passus
1510 360 1558 393 “
1589 362 1653 417 «1.
1673 361 1815 417 Non.
1848 365 1897 421 A
1989 362 2080 418 21.
2120 360 2475 435 Jerosolymis
2502 371 2630 434 post
2649 361 2894 421 Marcum
2913 361 3092 420 factus
3113 370 3197 420 est
3217 365 3508 437 cpiscopus

215 441 500 499 Januarii.

199 552 205 585 ξ
294 533 382 588 16.
424 532 583 591 Judei
636 536 691 591 in
752 554 908 593 arma
953 540 1119 610 versi,
1166 540 1501 600 Palestiuam
1570 546 1815 617 depopu-

216 624 426 683 lantur.

292 717 380 771 17.
423 717 766 778 Alexandria
793 722 1064 781 Eumenes
1084 727 1379 799 episcopus
1405 728 1523 798 ϐαι,
1548 731 1691 787 sedit
1711 748 1813 787 an-

217 808 305 863 nis
332 810 400 863 15
427 809 515 881 (A.
545 811 610 867 υ.
650 813 798 888 135).

290 899 379 955 18.
420 899 576 959 Judei
604 903 803 961 iterum
825 909 1107 977 commoti,
1130 912 1346 983 magnis
1366 912 1571 985 ubique
1592 915 1816 973 cedibus

216 1004 539 1051 enecentur.

292 1086 380 1142 19.
421 1086 724 1146 Jerusalem
751 1093 822 1148 ab
845 1091 1000 1149 Helio
1034 1095 1079 1128 ⁸⁷
1115 1094 1351 1153 Adriano
1395 1108 1647 1169 reparata
1702 1111 1809 1158 est.

217 1185 272 1231 et
292 1191 361 1232 ex
383 1177 506 1248 ejus
526 1180 747 1237 nomine
768 1181 921 1239 Helia
951 1196 1288 1258 nuncupata,
1312 1197 1368 1244 et
1391 1188 1582 1247 Judeis
1616 1206 1687 1247 ne
1726 1192 1814 1248 in-

216 1269 452 1326 troirent
475 1270 787 1330 interdicta.

288 1358 381 1416 20.
422 1360 644 1421 Primus
699 1381 767 1422 ex
824 1367 1081 1439 gentibus
1139 1368 1479 1428 lerosolimis
1522 1372 1815 1446 episcopus

215 1446 436 1508 Marcus
456 1453 762 1524 ordinatur,
788 1473 915 1514 cum
937 1459 1054 1530 jam
1082 1461 1150 1517 15
1191 1461 1260 1519 de
1305 1461 1605 1521 Judeorum
1655 1476 1815 1540 gente

216 1540 487 1597 abissent.
1716 1568 1717 1571 ‘

1914 454 2214 511 Cassianus
2242 455 2364 509 17⁸³³
2392 455 2479 527 (Α.
2518 455 2586 512 D.
2619 455 2765 527 160).

1930 580 1937 583 -
1986 545 2075 600 22.
2116 544 2429 603 Antoninus
2456 545 2589 604 Pius
2617 547 2762 618 apud
2788 545 3014 602 Larium
3036 546 3193 615 obiit,
3215 562 3362 605 anno
3382 556 3510 605 ata-

1912 636 1986 692 tis
2016 635 2083 689 77
2116 636 2180 691 “.

1990 726 2278 787 MARCUS
2308 728 2710 786 ANTONINUS
2742 728 2980 787 VERUS
3002 732 3152 800 14‘",
3174 748 3301 789 cum
3337 731 3510 791 fratre

1915 818 2088 876 Lucio
2136 821 2361 877 Aurelio
2410 820 2735 890 Commodo,
2760 823 2920 879 annis
2950 824 3039 893 19,
3068 840 3257 881 mense
3285 826 3337 881 1.
3498 882 3503 885 Α

1995 913 2044 969 1.
2082 910 2149 967 lli
2177 913 2417 985 primum
2442 930 2603 985 aquo
2617 914 2743 985 jure
2774 915 3298 973 administraverunt
3328 916 3507 991 impe-

1914 1019 2085 1060 I'lllm.

1926 1116 1929 1119 ·
1988 1097 2045 1153 2.
2088 1096 2260 1154 Lucio
2302 1098 2479 1154 cesari
2525 1098 2759 1156 Athenis
2804 1100 3134 1157 sacrificanti
3161 1144 3176 1168 ,
3223 1102 3366 1174 ignis
3435 1102 3505 1160 ah

1917 1189 2130 1245 oriente
2165 1189 2506 1246 occidentem
2546 1191 2602 1245 in
2631 1192 2750 1247 celo
2772 1190 2902 1247 ferri
2930 1193 3084 1249 visus
3112 1202 3215 1250 est.
3304 1208 3307 1215 '

1986 1282 2039 1338 5.
2081 1280 2287 1338 Fronto
2316 1292 2505 1338 orator
2543 1283 3036 1355 insignishabetur
3066 1286 3154 1357 (Α.
3186 1286 3255 1342 D.
3298 1286 3445 1359 165).
3495 1314 3503 1321 -

1988 1374 2043 1429 4.
2084 1372 2333 1432 Casares
2356 1374 2423 1431 de
2451 1374 2671 1432 Parthis
2697 1376 3041 1447 triunphant.

1987 1465 2041 1522 5.
2083 1464 2198 1522 Sub
2246 1466 2334 1524 his
2377 1466 2721 1538 principibus
2786 1475 2983 1538 quarta
3028 1476 3337 1538 persecutio
3360 1477 3503 1537 orta,

1911 1558 2059 1628 apud
2099 1557 2287 1614 Asiam
2325 1557 2672 1630 Poliearpum
2706 1575 2831 1616 cum
2854 1559 3128 1631 plurimis,
3148 1569 3207 1618 et
3235 1561 3291 1616 in
3332 1561 3507 1619 Gallia

288 1630 380 1686 21.
422 1632 698 1694 Adrianus
718 1639 915 1695 morbo
942 1640 1229 1699 intercutis
1243 1658 1402 1715 aqua
1422 1646 1676 1715 moritur,
1694 1664 1809 1705 ma-
1922 1642 2118 1705 'nultos
2145 1659 2464 1707 sanctorum
2487 1652 2793 1712 coronavit.

211 1721 230 1795 ξ
238 1737 304 1778 or
334 1729 693 1798 sexagenario

284 1815 706 1889 ANTONINUS,
725 1832 1091 1896 cognomento
1121 1825 1255 1883 Pius
1277 1828 1425 1895 151³³,
1451 1830 1615 1888 annis
1637 1832 1711 1888 25
1737 1834 1806 1901 ⁵⁸,

213 1909 500 1968 mensibus
522 1913 575 1968 5.
601 1913 707 1971 Iste
734 1930 830 1986 per
857 1917 1258 1989 apologeticum
1279 1919 1500 1989 Justini,
1522 1924 1809 1981 christiani

211 2002 524 2075 philosophi
547 2005 594 2039 ”
622 2016 698 2063 et
738 2016 931 2079 postea
964 2010 1228 2081 martiris,
1259 2013 1507 2083 edoctus,
1565 2016 1807 2076 clemens

210 2092 445 2152 edicitur
471 2099 697 2156 nostris.
1328 2112 1329 2115 “

283 2186 337 2264 1_.
358 2186 590 2264 .‘Yginus
620 2208 759 2264 papa
787 2193 904 2261 8'",
933 2196 1074 2252 sedit
1097 2197 1260 2255 annis
1282 2198 1319 2254 ι
1339 2199 1405 2254 ⁸⁸.
1434 2199 1541 2255 Hic
1560 2201 1808 2258 discessit

207 2255 265 2313 ὅ.
302 2255 713 2337 “stilum-(AZ
740 2264 810 2320 D.
845 2255 994 2335 110).

282 2348 338 2404 2.
379 2350 693 2413 Antoninus
722 2365 876 2427 pater
908 2360 1101 2429 patria
1122 2362 1409 2432 apellatur.
1438 2361 1443 2365 ’

283 2440 339 2497 5.
381 2441 707 2504 Valentinus
757 2457 815 2505 et
861 2448 1061 2519 Cerdo,
1089 2461 1145 2508 et
1183 2463 1309 2524 post
1336 2455 1440 2513 hos
1471 2455 1716 2515 Marcion
1752 2468 1808 2516 et

207 2532 431 2593 Marcus
452 2537 727 2596 aelesiam
750 2540 930 2599 heresi
952 2542 1297 2616 impugnant.

281 2627 338 2683 4.
376 2627 627 2687 Justinus
649 2633 689 2664 ⁸¹
715 2633 1076 2706 philosophus
1095 2653 1197 2708 pro
1226 2638 1548 2699 christianis
1610 2644 1803 2714 apolo-

211 2721 426 2791 geticon
447 2721 725 2781 Antonino
747 2727 991 2799 scripsit.

284 2812 339 2867 5.
380 2811 513 2871 Pius
534 2831 675 2887 papa
700 2816 819 2885 θυι,
848 2818 992 2876 sedit
1009 2819 1176 2877 annis
1195 2821 1263 2879 15
1288 2822 1466 2879 ".Hic
1491 2825 1800 2883 discessitl.

213 2902 347 2963 ldus
372 2904 531 2962 Julii.

280 2996 337 3055 6.
361 2999 664 3058 Antiochia
701 3004 1058 3061 constituitur
1098 3006 1391 3080 episcopus
1415 3009 1589 3070 Heres
1613 3012 1700 3083 (A.
1730 3012 1801 3068 ι).

213 3089 365 3161 us).

281 3182 336 3238 9.
378 3181 722 3250 Alexandria
764 3186 984 3247 Marcus
1017 3191 1311 3264 episcopus
1366 3194 1481 3265 7‘",
1528 3198 1670 3254 sedit
1713 3214 1810 3255 aa-

208 3274 298 3330 nis
324 3275 412 3331 10.
467 3274 473 3280 ’

282 3367 352 3422 10
379 3368 444 3428 ⁸³.
487 3368 621 3426 Pius
652 3388 794 3444 papa
806 3373 971 3444 juxta
1005 3376 1376 3447 baptisterium
1409 3391 1612 3437 sanctae
1663 3382 1808 3439 Pra-

206 3457 359 3515 sedis
380 3463 703 3516 consecravit
730 3463 950 3519 titulum
976 3468 1152 3522 sancti
1180 3467 1415 3537 Hermae,
1439 3472 1504 3526 de
1528 3489 1629 3544 quo
1656 3474 1803 3545 Apo-

207 3546 380 3602 stolus
427 3549 499 3603 ad
534 3549 803 3608 Romanos
827 3569 847 3608 .'
887 3573 906 3607 ‹
938 3552 1185 3612 Salutate
1209 3557 1626 3632 Phlegontham,
1666 3563 1808 3619 Her-
1846 3610 1849 3613 .

207 3654 350 3707 men,
394 3656 417 3694 ι
444 3641 596 3712 cujus
644 3645 880 3701 creditur
908 3663 1021 3702 esse
1072 3647 1207 3703 liber
1251 3651 1344 3705 ille
1372 3651 1644 3722 Pastoris;
1682 3655 1808 3712 licet

205 3734 501 3805 apocrifus,
533 3737 625 3808 qui
647 3738 790 3809 apud
829 3738 1022 3795 Grecos
1044 3741 1274 3796 multum
1293 3746 1552 3801 usitatur.

281 3824 371 3888 15.
398 3825 722 3899 Apollonius
749 3837 804 3885 et
849 3828 1117 3888 Basilides
1162 3833 1473 3905 philosophi
1528 3838 1665 3894 clari
1708 3838 1807 3894 ha-

204 3916 411 3973 beatur
438 3916 526 3995 (Α.
555 3918 625 3993 D.
653 3920 801 3992 152).

280 4008 371 4063 17.
413 4008 681 4068 Crescens
701 4012 926 4071 Cinicus
947 4015 1329 4088 philosophus,
1361 4018 1579 4077 Justino
1614 4030 1806 4078 nostro

203 4099 536 4184 philosopho
565 4090 1002 4175 persecutionem
1028 4112 1342 4175 commovit,
1375 4112 1558 4184 inqua
1589 4114 1676 4170 ille
1703 4132 1803 4185 pro

205 4175 435 4248 Christo
455 4196 733 4251 occubuit.

279 4284 369 4340 18.
394 4284 739 4345 Alexandria
759 4288 1024 4348 Celadion
1049 4293 1344 4366 episcopus
1372 4295 1490 4364 8"“,
1530 4297 1671 4353 sedit
1705 4315 1804 4354 an-

202 4375 294 4435 nis
320 4377 410 4433 14.

278 4470 370 4526 19.
393 4470 656 4531 Anicetus
675 4491 814 4547 papa
837 4476 987 4531 10'".
1018 4477 1159 4534 sedit
1181 4480 1342 4536 annis
1377 4480 1461 4536 11.
1490 4481 1744 4539 Martirio
1756 4485 1802 4517 “

198 4571 489 4618 coronatus
515 4564 603 4627 16.
629 4564 757 4621 Kal.
790 4566 928 4623 Maii
951 4583 970 4622 :
1004 4567 1168 4639 Cujus
1191 4570 1236 4601 ⁸⁸
1286 4580 1515 4643 tempore
1545 4585 1800 4632 memorat

200 4652 522 4727 Egesippus,
548 4674 603 4713 se
630 4658 850 4713 Romam
871 4663 1088 4730 venisse,
1117 4663 1292 4735 ibique
1321 4681 1484 4743 usque
1523 4667 1594 4722 ad
1635 4666 1801 4729 Eleu-

202 4756 349 4803 trum
381 4767 575 4822 papam
609 4756 981 4825 permansisse.

1980 1742 2012 1796 7
2039 1743 2103 1797 ⁸⁷.
2148 1741 2261 1799 Hoc
2283 1751 2525 1815 tempore
2564 1744 2803 1800 maxima
2843 1744 2965 1802 lues
3013 1746 3217 1803 multas
3274 1748 3508 1805 vastavit

1914 1834 2100 1902 urbes,
2131 1843 2186 1897 ct
2206 1836 2506 1893 exercitum
2532 1837 2843 1895 Romanum
2873 1853 3013 1909 pene
3037 1838 3255 1896 delevit.

1980 1926 2032 1982 8.
2068 1926 2268 1984 Sother
2287 1945 2427 2000 papa
2452 1929 2604 1997 11‘",
2633 1930 2776 1986 sedit
2803 1930 2966 1987 annis
3002 1930 3036 1987 9
3072 1931 3139 1989 ⁸⁸.
3176 1930 3282 1986 Hic
3312 1932 3357 1964 "
3387 1934 3487 1989 dis-

1907 2020 2066 2074 cessit
2094 2020 2178 2075 11.
2217 2019 2347 2077 Kal.
2382 2021 2537 2076 Maii.
2563 2022 2873 2079 Antiochia
2911 2021 3248 2095 Theophilus
3286 2026 3505 2096 (misce-

1905 2125 2032 2182 pus,
2058 2112 2142 2169 vir
2160 2114 2403 2185 sapiens,
2430 2113 2722 2171 ordinatur
2753 2114 2841 2188 (Α.
2882 2115 2952 2170 D.
2988 2116 3141 2189 170).

1978 2204 2066 2261 10.
2105 2205 2449 2263 Alexandria
2503 2207 2596 2263 9M
2623 2206 2956 2279 Agrippinus
3012 2208 3307 2279 episcopus
3355 2209 3502 2266 sedit

1906 2297 2069 2354 annis
2096 2298 2181 2352 10.
2211 2297 2418 2356 Lucius
2440 2314 2598 2355 cesar
2624 2299 2879 2370 apoplexi
2908 2299 3183 2355 extinctus
3213 2308 3316 2355 est.

1979 2389 2066 2444 11.
2093 2390 2299 2463 (Ηιειι.)
2330 2390 2428 2449 His
2462 2392 2806 2463 temporibus
2850 2390 3177 2464 Egesippus,
3224 2391 3505 2449 Dionisius

1906 2478 2158 2538 Corinthi
2180 2483 2495 2556 episcopus,
2519 2484 2750 2558 Pynitus
2780 2483 2955 2540 Creta
2979 2485 3294 2557 episcopus,
3327 2483 3503 2541 Theo-

1906 2572 2090 2645 philus
2112 2572 2417 2631 Antiuchia
2441 2576 2754 2648 episcopus,
2777 2576 3057 2633 Modestus
3080 2577 3272 2650 (1271)
3300 2576 3507 2647 Melite,
3585 2583 3594 2590 '

1904 2650 2240 2736 Apollinaris
2259 2674 2314 2721 et
2338 2666 2432 2721 alii
2456 2667 2679 2738 plurimi
2706 2668 2961 2725 doctores
2990 2669 3125 2725 clari
3159 2669 3451 2727 habentur.

1979 2757 2067 2812 15.
2101 2754 2509 2830 Katafrigarum
2539 2758 2754 2816 heresis
2784 2761 2980 2821 oritur.

1896 2909 1901 2915 _
1981 2846 2067 2903 11.
2094 2846 2211 2905 Hoc
2239 2856 2485 2921 tempore
2530 2848 2799 2909 Datianus
2825 2852 2871 2888 ⁷ο
2902 2852 3141 2911 heresim
3183 2851 3501 2917 Encratica-

1907 2954 2036 2996 rum
2065 2940 2272 2997 condit.

1986 3031 2075 3088 15.
2102 3031 2418 3091 Antoninus
2463 3033 2829 3094 Commodum
2863 3037 3035 3095 ﬁlium
3075 3045 3389 3096 consortem
3415 3053 3498 3094 re-

1909 3122 2001 3196 gni
2022 3122 2173 3181 fecit.
2358 3148 2359 3151 η
3068 3164 3071 3167 ι

1982 3216 2067 3273 16.
2092 3216 2460 3290 Imperatores
2485 3219 2554 3276 de
2580 3219 2835 3278 hostibus
2863 3221 3205 3295 triumphant
3229 3231 3285 3278 ct
3319 3221 3500 3278 debita

1906 3312 2050 3385 plebi
2078 3315 2345 3371 relaxant.

1890 3468 1893 3471 γ
1978 3424 2495 3489 17.-Eleutherus,“
2520 3446 2657 3501 papa
2679 3430 2806 3486 12η⁸
2836 3432 2978 3488 sedit
3021 3431 3183 3487 annis
3204 3431 3294 3486 15.
3330 3430 3430 3485 Hic
3453 3432 3500 3463 τ’

1904 3520 2150 3576 discessit
2183 3521 2237 3577 8.
2266 3521 2398 3578 Kal.
2428 3521 2559 3578 Jun.
2591 3522 2794 3580 Lucius
2808 3523 3106 3580 Britannia
3129 3524 3309 3579 rexab
3329 3522 3504 3579 Eleu-

1906 3621 2028 3670 tero
2051 3629 2195 3687 papa
2223 3623 2286 3671 ut
2304 3615 2643 3673 christianus
2662 3616 2952 3685 ellieiatur,
2976 3617 3252 3689 impetrat.

1981 3727 2066 3783 18.
2104 3728 2419 3786 Antoninus
2468 3730 2525 3786 in
2549 3729 2832 3787 Pannonia
2862 3730 3099 3788 moritur
3124 3730 3212 3802 (Α.
3251 3728 3321 3785 ο.
3349 3727 3499 3802 180).

1977 3836 2234 3895 LUCIUS
2304 3841 2703 3899 ANTONINUS
2746 3842 3130 3900 COMMODUS
3190 3844 3318 3900 15"
3377 3852 3505 3914 post

1905 3938 2139 3987 mortem
2167 3933 2342 4003 patris
2366 3950 2542 3990 annos
2567 3935 2634 3989 15
2659 3936 2926 4006 regnavit.
2950 3934 3058 4012 llic
3084 3934 3389 3990 Germanos
3422 3933 3501 3989 l'e-

1905 4019 2082 4079 liciter
2103 4023 2263 4090 vicit;
2293 4034 2554 4081 caterum
2579 4027 2852 4083 obscenus
2874 4035 2928 4081 et
2956 4042 3159 4098 pravus
3190 4020 3313 4081 fuit.

1978 4121 2029 4176 1.
2054 4121 2398 4181 Alexandria
2436 4124 2693 4190 Julianus
2711 4129 3003 4199 episcopus
3063 4126 3188 4182 10'"
3232 4126 3375 4183 sedit
3399 4142 3497 4181 an-

1905 4211 1991 4269 nis
2010 4213 2095 4269 10.

1976 4304 2029 4360 2.
2065 4304 2286 4380 Serapis
2324 4310 2585 4381 templum
2611 4310 2954 4367 Alexandria
2982 4310 3264 4367 incensum
3284 4317 3387 4366 cst.

1976 4397 2029 4452 5.
2055 4397 2171 4455 Hoc
2202 4408 2444 4471 tempore
2479 4402 2758 4459 Pantenus
2788 4412 2843 4459 et
2865 4403 3121 4459 Clemens
3160 4401 3503 4459 Alexandria

1834 4456 1879 4511 Β
1906 4489 2042 4545 clari
2066 4456 2338 4548 habentur
2361 4493 2449 4565 (A.
2484 4456 2736 4568 0.185):

1980 4583 2031 4639 1.
2060 4582 2395 4643 lerosolimis
2425 4586 2697 4645 Maximus
2722 4589 3016 4660 episcopus
3029 4587 3317 4644 ordinatur
3338 4584 3504 4673 27M.

1974 4675 2028 4732 5.
2053 4674 2464 4734 Commodiana
2496 4681 2728 4737 therma
2748 4679 2939 4736 Roma
2963 4677 3122 4736 facta
3144 4682 3297 4734 sunt.

1974 4766 2028 4823 6.
2065 4765 2316 4840 Origenis
2345 4770 2488 4841 apud
2520 4771 2912 4831 Alexandriam
2933 4772 3181 4829 nascitur

1488 4897 1722 4955 VARle
1757 4900 2140 4962 LECTIONES

251 5024 324 5108 ﬂ”
350 5023 413 5107 Ρ.
444 5024 644 5108 11112]κῖἐ
680 5026 717 5082 ll.
757 5028 870 5108 alia
886 5031 1081 5108 iterum
1110 5042 1247 5108 patr.
1318 5035 1369 5108 "7
1396 5038 1617 5096 rubrum
1653 5040 1733 5108 (h)
1770 5041 1821 5095 1.
1875 5042 1921 5107 'f'
1946 5043 2288 5107 XXII.,corr.
2313 5046 2509 5105 XXIII.
2537 5053 2592 5108 1.
2673 5050 2719 5085 "
2743 5067 2801 5104 ιη
2818 5050 2929 5106 loco
2965 5067 3095 5108 rasa
3122 5051 3177 5106 1.
3263 5039 3306 5070 ’θ
3332 5035 3638 5108 reliqua
