3996 5474
537 259 678 337 isis

1440 304 1442 306 τ
1504 273 1624 330 'AD
1660 270 1894 331 OPEHA
1930 271 1989 328 S.
2028 270 2360 328 GRECOPJI
2396 267 2846 328 APPENDEESa

3697 267 3823 326 1316

605 395 658 449 5.
700 390 1058 450 Euthicianus
1082 405 1220 462 papa
1240 391 1394 457 ‘26“,
1427 389 1570 445 sedit
1593 403 1771 445 mens.
1796 386 1865 442 10
1889 387 1980 455 ⁸⁸³,
2003 403 2129 458 pas-
2155 390 2198 448 Α
2226 384 2908 443 Maximianusﬂediolani
2930 398 3204 455 purpuras
3222 391 3280 440 et
3305 398 3544 456 regnum
3571 382 3651 440 oh

532 504 622 542 sus
652 502 747 558 pro
782 485 997 542 Christo
1020 484 1053 539 8
1075 483 1306 538 Kalend.
1343 483 1593 554 Augusti.

607 576 661 633 6.
701 575 872 632 Gaius
915 589 1051 646 papa
1095 574 1252 641 27M,
1300 574 1440 630 sedit
1483 588 1618 629 ann.
1651 572 1742 628 15.
1784 570 2129 628 Alexandria

473 669 488 740 δ
533 668 788 725 Theonas
813 667 1105 738 episcopus
1135 665 1286 733 l5",
1319 682 1450 722 ann.
1474 666 1562 721 18.
1599 664 1814 723 Probus
1843 664 1988 737 apud
2014 664 2130 720 Sir-

530 764 704 818 mium
730 760 971 816 tumultu
994 758 1230 814 militum
1251 758 1540 813 occiditur.

596 848 833 909 ΕΑΒΗὸ
864 851 1029 920 52ιιι,
1067 865 1194 907 eum
1247 850 1375 906 ﬁliis
1413 849 1618 906 Carino
1668 859 1725 907 et
1768 848 2126 921 Numeriano,

526 958 658 1001 ann.
691 944 747 1001 2.
1984 980 1998 989 .

600 1037 868 1093 l.'Carus
889 1035 1067 1091 victor
1105 1034 1173 1091 de
1206 1033 1446 1102 Parthis,
1484 1050 1650 1105 super
1688 1033 1977 1106 Tygridem
2023 1031 2127 1088 ful-

529 1131 677 1187 mine
698 1128 841 1186 ictus
873 1126 1098 1183 interiit.

597 1222 653 1277 2.
695 1219 1064 1277 Numerianus
1104 1218 1391 1275 occiditur.
1426 1217 1664 1274 Car-inus
1695 1218 1839 1288 apud
1879 1216 2127 1288 Margum

526 1330 560 1370 a
591 1314 928 1369 Diocletiano
956 1310 1301 1367 interﬁcitur.
1332 1309 1630 1380 llucusque
1660 1310 1730 1364 ab
1750 1309 2129 1366 incarnatione

524 1407 745 1462 Domini
780 1413 1147 1477 supputantur
1179 1403 1310 1459 anni
1341 1402 1449 1457 284
1479 1402 1779 1458 secundum
1818 1401 2124 1460 Dionisium

524 1498 617 1571 (Α.
654 1497 719 1552 n.
744 1497 896 1568 ass).
937 1507 941 1517 π

601 1586 1109 1644 DIOCLETIANUS
1134 1588 1285 1655 35'",
1317 1602 1448 1642 ann.
1486 1585 1578 1640 20.

554 1705 564 1713 ο
596 1682 648 1736 1.
690 1680 774 1737 Ab
803 1681 909 1738 hoc
930 1695 1076 1736 anno
1105 1679 1267 1736 Greci
1298 1678 1586 1751 paschales
1614 1676 1853 1734 circulos
1891 1678 2123 1734 inchoa-

511 1780 680 1830 'bant.

592 1866 647 1920 2.
686 1864 1059 1921 Diocletianus
1092 1862 1410 1921 Herculium
1455 1862 1848 1919 Maximianum
1896 1862 1953 1917 in
1992 1877 2124 1918 con-

521 1958 757 2016 sortium
789 1956 942 2029 regni
968 1957 1222 2013 assumit.

595 2049 649 2105 5.
690 2041 1057 2106 Maximianus
1089 2048 1147 2104 in
1184 2047 1361 2104 Gallia
1391 2046 1704 2104 Amandum
1735 2061 1863 2103 cum
1900 2044 2123 2104 rusticis

522 2142 674 2199 vicit.

508 2240 515 2247 ‘
594 2236 648 2289 4.
690 2231 805 2289 Hoc
832 2241 1078 2305 tempore
1104 2232 1405 2288 Carausius
1435 2231 1767 2299 Britannias,
1797 2229 2000 2287 Narses
2026 2246 2121 2286 rex

522 2321 819 2382 Persarum
847 2325 1136 2392 orientem,
1169 2324 1468 2397 Egyptum
1504 2322 1804 2390 Achilleus,
1837 2321 2122 2393 Quinque-

505 2416 765 2489 'gcntiani
789 2415 1029 2472 Africam
1052 2424 1403 2472 vastaverunt
1426 2413 1514 2487 (Α.
1539 2413 1607 2467 D.
1641 2411 1789 2484 290).

593 2509 646 2563 6.
689 2507 1058 2565 Diocletianus
1083 2507 1488 2573 Constantium,
1517 2504 1867 2561 Constantini
1888 2512 2118 2577 patrem,

518 2612 780 2655 emsarem
819 2597 969 2666 facit,
999 2597 1093 2669 qui
1122 2596 1372 2669 regnavit
1394 2612 1524 2651 ann.
1553 2595 1639 2650 16.

490 2698 495 2705 ‘
594 2689 646 2744 ’1.
688 2688 1061 2746 Diocletianus
1099 2687 1377 2745 Galerium
1415 2686 1809 2743 Maximianum
1859 2700 2120 2742 caasarem

519 2782 671 2838 facit.
1031 2822 1035 2827 .

592 2875 646 2930 8.
684 2873 799 2931 Hoc
824 2885 1070 2945 tempore
1108 2872 1363 2929 Phierius
1393 2872 1663 2944 presbiter
1702 2878 1759 2927 et
1794 2869 2038 2928 Achillas
2065 2878 2121 2925 et

486 2977 493 2983 '
519 2965 759 3023 Melitius
780 2965 1123 3022 Alexandriae
1146 2966 1481 3022 claruerunt.

589 3059 644 3115 9.
682 3058 778 3115 llis
804 3058 1143 3130 temporibus
1157 3057 1394 3115 diversis
1414 3065 1469 3113 et
1493 3057 1681 3113 multis
1707 3055 1908 3128 praeliis
1932 3055 2119 3111 hostes

516 3151 719 3208 diversi
739 3152 1052 3207 vincuntur.

480 3234 490 3267 ⁷
590 3245 677 3299 11.
709 3244 1079 3300 Diocletianus
1098 3260 1160 3300 se
1185 3252 1246 3299 ut
1276 3241 1454 3315 Deum
1483 3240 1701 3300 adorari
1719 3239 1904 3311 jussit.

585 3334 677 3393 15.
719 3336 857 3394 Gaio
904 3335 1144 3409 papalO.
1170 3335 1298 3390 Kal.
1327 3334 1463 3392 Maii
1490 3334 1558 3366 m
1585 3333 1944 3399 martirizato,
1969 3329 2116 3387 Mar-

514 3427 748 3483 cellinus
779 3426 908 3482 28ιι⁶
932 3426 1218 3492 successit,
1246 3441 1376 3480 ann.
1401 3425 1541 3491 9⁸⁸⁵,
1576 3424 1805 3495 quiitem
1817 3438 2015 3493 passus
2037 3431 2116 3476 est

518 3535 614 3588 pro
661 3516 892 3584 Christo,
940 3517 994 3573 6.
1034 3516 1163 3571 Kal.
1199 3516 1354 3571 Maii.
1401 3515 1522 3571 Huc
1566 3531 1729 3586 usque
1767 3514 2116 3570 wclesiastica

516 3610 746 3664 historia
783 3609 999 3663 Eusebii
1035 3610 1392 3663 successiones
1426 3606 1704 3679 praesulem
1753 3606 2112 3662 Romanorum

514 3703 623 3757 sive
639 3700 1126 3756 Alexandrinorum
1153 3709 1334 3771 aperte
1368 3699 1644 3765 describit,
1680 3700 1820 3755 sicut
1840 3708 1892 3754 et
1915 3699 1999 3754 hic
2023 3698 2116 3753 de-

490 3835 495 3839 ς
514 3794 729 3865 scripta:
749 3793 1028 3848 habentur.
1884 3852 1889 3857 θ

463 3900 469 3906 ·
586 3887 674 3941 li.
713 3884 1514 3953 DiocletianusvietoAchilleo,
1544 3883 1932 3941 Alexandriam
1958 3880 2113 3956 Egi-

462 3996 466 3999 ·
511 3988 606 4051 ptu
615 3994 777 4051 mque
797 3978 1020 4049 recepit.

582 4074 671 4129 15.
706 4072 1064 4129 Constantius
1114 4070 1184 4127 60
1227 4070 1378 4127 milia
1430 4070 1865 4127 Alamannorum
1913 4067 2109 4126 occidit
2188 4138 2193 4143 1

455 4155 463 4161 ’
512 4166 601 4239 (Α.
637 4166 706 4221 ι).
739 4165 863 4222 500.
901 4164 1062 4221 Ηιειι.
1097 4180 1148 4221 a.
1173 4164 1326 4236 504).

2231 479 2401 535 etatis
2424 479 2702 536 defectum
2730 485 2925 549 sponte
2949 478 3246 547 deponunt.

2306 568 2656 627 GALERIUS
2689 570 2757 602 "7
2785 576 2840 624 ct
2863 565 3345 623 CONSTANTIUS
3379 570 3626 640 augusti.
3658 567 3825 626 Maxi-

2230 663 2417 719 minus
2447 670 2765 734 persecutor
2790 661 3220 718 christianorum
3246 668 3302 716 et
3336 658 3582 718 Severus
3601 674 3827 719 cesam

2228 757 2525 828 eliguntur.

2303 850 2355 908 1.
2384 848 2549 921 (Ibid.
2578 848 2739 905 Hum.
2769 865 2822 904 a.
2853 846 3003 921 509.)
3031 847 3388 905 Constantius
3417 856 3723 922 augustas,
3749 838 3826 903 ﬁt

2227 952 2571 1011 mansuetus,
2604 943 2660 997 in
2678 942 2960 997 Britannia
2988 938 3221 998 Eboraci
3244 941 3401 997 obiit.

2300 1031 2855 1107 CONSTAN‘HNUS,
2900 1032 3211 1090 Constantii
3255 1049 3322 1087 ex
3355 1032 3672 1108 concubina
3723 1030 3824 1088 Hc-

2227 1129 2350 1186 lena
2378 1130 2543 1198 ﬁlius,
2568 1146 2697 1185 ann.
2723 1129 2812 1198 50,
2841 1115 3022 1184 mens.
3043 1123 3126 1179 10.
3146 1119 3245 1180 Hie
3265 1124 3480 1194 primus
3505 1124 3823 1193 imperator,

2226 1230 2452 1294 excepto
2472 1222 2723 1294 Philippo
2745 1221 3081 1278 christianus
3100 1216 3224 1286 fuit,
3246 1225 3300 1272 et
3315 1215 3385 1271 ab
3408 1215 3521 1271 hoc
3543 1214 3827 1272 christiani

2213 1314 2588 1387 imperatores
2618 1323 2899 1386 ceperunt.

2300 1409 2350 1463 1.
2392 1406 2721 1475 Maxentius,
2757 1405 3073 1462 Maximiani
3094 1394 3336 1458 Herculii
3366 1399 3537 1467 ﬁlius,
3562 1404 3823 1471 angustus

2227 1499 2550 1571 appellatur.
2562 1497 2850 1557 Marcellus
2862 1499 2989 1556 29“
3007 1514 3146 1570 papa
3167 1494 3303 1561 sedit
3327 1510 3455 1547 ann.
3471 1492 3529 1561 5,
3551 1509 3740 1546 cassus
3758 1490 3824 1525 ι’·

2228 1591 2314 1647 17.
2358 1590 2486 1647 Kal.
2520 1591 2824 1647 Februarii.

2294 1683 2350 1739 2.
2387 1683 2752 1741 Maximianus
2778 1681 3068 1740 Herculius
3091 1680 3236 1753 apud
3259 1677 3571 1737 Massiliam
3598 1676 3822 1748 turpiter

2157 1771 2201 1827 Β
2225 1776 2570 1849 interﬁcitur.

2297 1869 2351 1924 5.
2391 1867 2587 1925 Occiso
2625 1867 2847 1937 Severo,
2874 1867 3119 1924 Licinius
3144 1881 3317 1922 caesar
3340 1863 3601 1921 eﬁ'icitur.

2295 1964 2349 2020 4.
2395 1961 2581 2035 (Onos.
2615 1979 2714 2030 vn,
2740 1962 2857 2034 28.)
2893 1959 3235 2035 Galeriusm
3259 1957 3655 2023 Maximianus,
3680 1953 3819 2013 chri-

2202 2032 2530 2112 Istianorum
2562 2032 3109 2125 persecutor,‘divina
3140 2032 3347 2107 ultione
3366 2052 3572 2114 tactus,
3600 2060 3820 2119 parcere

2224 2144 2537 2202 christianis
2560 2144 2744 2217 jussit.

2295 2239 2349 2294 5.
2392 2236 2720 2309 Maximinus
2747 2251 2920 2293 caesar
2947 2227 3385 2307 persecutionem
3416 2232 3704 2286 restaurat
3731 2227 3815 2300 (Δ.

2226 2328 2569 2493 “signa.
2595 2436 2646 2475 a.
2679 2410 2827 2487 516;
2858 2417 3003 2472 Hist.
3036 2417 3211 2487 misc.)
3239 2414 3438 2470 Petrus
3474 2409 3821 2471 Alexandria

2222 2514 2517 2586 episcopus
2542 2513 2794 2591 martirio
2817 2520 3133 2577 coronatur,
3175 2522 3276 2580 pro
3310 2522 3423 2578 quo
3448 2505 3704 2560 Achillas
3736 2509 3819 2559 se-

2221 2608 2320 2663 dit.
2338 2606 2610 2663 Eusebius
2632 2621 2772 2677 papa
2796 2603 2947 2671 50“,
2976 2618 3106 2658 ann.
3133 2601 3186 2656 6.
3217 2600 3317 2667 “°;
3340 2598 3375 2653 6
3400 2595 3548 2652 Non.
3566 2592 3819 2651 Octobris

2222 2698 2496 2756 discessit.
2540 2697 2740 2769 Magna
2780 2697 2947 2768 fames
2985 2703 3036 2749 et
3077 2694 3188 2748 lues
3233 2694 3291 2747 in
3332 2698 3703 2762 persecutores
3736 2687 3819 2759 fs—

2220 2804 2311 2849 cta
2335 2801 2434 2849 est.

2295 2885 2346 2940 7.
2386 2883 2703 2942 Persecutio
2726 2882 2943 2939 tandem
2972 2888 3099 2953 post
3119 2877 3185 2933 10
3206 2891 3383 2933 annos
3412 2876 3575 2931 ﬁnita
3604 2883 3712 2929 est.

2291 2977 2345 3032 8.
2387 2975 2495 3050 (Cl.
2528 2973 2688 3031 HIEB.
2738 2990 2789 3030 a.
2838 2972 2988 3043 515.)
3026 2967 3423 3027 Constantinus
3480 2962 3813 3020 Maxentium

2221 3068 2367 3126 civili
2401 3068 2608 3140 przelio,
2643 3066 2755 3123 Deo
2765 3066 3021 3139 juvante,
3050 3061 3193 3134 apud
3218 3070 3440 3132 pontem
3462 3057 3731 3114 Mulme
3749 3052 3811 3086 ¹¹¹

2220 3160 2370 3216 vicit.
3422 3140 3425 3143 I

2291 3251 2344 3306 9.
2389 3249 2719 3307 Matriminus
2748 3249 2815 3280 “‘
2830 3264 3000 3303 caesar
3026 3262 3146 3301 cum
3170 3259 3363 3315 magno
3383 3242 3636 3298 cruciatu
3660 3239 3797 3293 raise

2220 3342 2463 3398 rabiliter
2488 3352 2537 3396 et
2561 3342 2718 3414 digne
2747 3341 2990 3396 moritur.
3154 3352 3155 3355 ‘

2290 3433 2376 3490 10.
2413 3432 2642 3490 Plurimi
2708 3439 3118 3504 persecutorum
3168 3435 3224 3484 et
3285 3427 3584 3499 magorum
3640 3423 3809 3479 truci—

2217 3526 2633 3690 Militiam“.
2651 3615 2797 3672 Hist.
2824 3615 3009 3672 eccles.
3028 3625 3105 3682 ιλ,
3139 3608 3233 3681 ΞΘ;
3258 3609 3426 3667 Onos.
3452 3626 3554 3678 vn,
3585 3606 3807 3680 28.)”-

2215 3712 2394 3767 cinius
2414 3710 2598 3766 Cmsar
2614 3710 2792 3781 primo
2813 3709 2992 3766 lienus
3008 3705 3439 3763 christianorum
3454 3703 3802 3774 υκαι-,μηνί

2219 3812 2407 3860 contra
2434 3802 2857 3859 Constantinum
2880 3799 3203 3856 maehinans
3232 3805 3286 3853 et
3327 3796 3668 3852 christianos
3684 3808 3803 3863 per-

2193 3907 2470 3963 sequens,
2513 3892 2616 3949 vie'.
2637 3897 2688 3947 ’Β
2715 3891 2858 3947 bello
2902 3888 3130 3946 interiit.
3164 3886 3458 3943 Melciades
3490 3901 3636 3958 papa
3658 3885 3797 3951 3!",

2217 3985 2354 4043 sedit
2385 3983 2546 4039 annis
2576 3985 2629 4052 4,
2660 3984 2797 4039 obiit
2831 3982 2900 4016 ⁸³³
2922 3984 2977 4038 4.
3001 3980 3135 4036 Idus
3155 3979 3413 4034 Januarii
3440 3978 3532 4035 ⁸³⁵.

2285 4077 2372 4132 14.
2412 4075 2529 4132 Hoc
2555 4085 2797 4148 tempore
2823 4073 3166 4131 Alexandria:
3190 4072 3481 4144 presbyter
3500 4070 3695 4127 Arrius
3712 4083 3797 4124 ne-

2212 4169 2432 4228 fandam
2452 4170 2813 4225 Arrianorum
2840 4169 3092 4224 herescm
3120 4166 3329 4234 condit,
3356 4165 3465 4221 sub
3499 4162 3800 4220 Alexandro

583 4220 671 4314 16.
696 4220 1059 4315 ineundi-ia
1122 4220 1321 4313 pana
1387 4256 1516 4311 was
1584 4255 1913 4327 episcopus,
1950 4220 2111 4314 sedit
2209 4220 3162 4336 ὲῌίξοᾏᾞᾷξᾷιῖἷζῐέιῖιιῖω-ἐίιξιέὲέὲίὲ.

452 4428 458 4439 ρ
510 4368 640 4408 ann.
672 4353 758 4407 12.

2283 4358 2371 4414 16.
2415 4357 2674 4413 Silvester
2696 4370 2836 4427 papa
2865 4354 2990 4410 32“
3018 4354 3109 4422 ¹¹⁸,
3142 4368 3273 4409 ann.
3300 4351 3373 4408 25
3403 4367 3585 4408 mens.
3606 4350 3693 4420 10,
3719 4347 3801 4423 qni

582 4446 669 4499 17.
712 4443 959 4502 Galerius
984 4444 1052 4477 ¹⁰⁶
1081 4443 1450 4537 ΜειιίιῃὶτιηιιεΔ
1487 4441 1757 4500 Narseum
1805 4444 2104 4515 superavit,
2139 4482 2184 4537 Β
2209 4449 2453 4505 discessit
2480 4449 2536 4504 ‘2.
2570 4447 2802 4503 Kalend.
2832 4436 3091 4501 Januarii
3124 4446 3211 4501 ιε’.

507 4547 562 4594 (t
591 4553 820 4593 uxorem
844 4554 909 4593 ac
927 4538 1132 4593 liberos
1165 4537 1286 4607 ejus
1312 4535 1626 4606 captivavit.

2236 4610 2239 4613 _
2286 4542 2368 4597 17.
2405 4541 2713 4598 Concilium
2747 4540 2804 4595 in
2846 4539 3010 4595 Nicea
3053 4547 3420 4612 congregatur
3456 4539 3566 4594 518
3596 4539 3797 4610 episco-

580 4631 666 4687 18.
707 4630 1076 4688 Diocletianus
1097 4638 1154 4686 et
1188 4629 1555 4687 Maximianus
1583 4628 1787 4702 insigni
1815 4645 2014 4702 pompa
2035 4632 2103 4688 de
2206 4649 2424 4706 porum,
2447 4635 2542 4689 sub
2576 4632 2831 4690 Silvestre
2858 4635 2921 4666 ¹¹⁷
2939 4650 3098 4705 papa,
3131 4634 3186 4687 in
3211 4650 3312 4704 quo
3338 4634 3539 4687 Arrius
3565 4633 3796 4687 conden-

506 4724 760 4781 ltostihus
793 4724 1152 4794 triumphant.

577 4817 663 4872 l9.
707 4816 1072 4873 Diocletianus
1112 4816 1173 4871 in
1217 4816 1448 4883 oriente,
1499 4824 1554 4871 et
1593 4814 1884 4873 Herculius
1920 4814 2100 4872 Maxi-
2134 4877 2139 4881 _

505 4906 724 4963 mianus
766 4907 824 4962 in
848 4908 1130 4964 occidente
1161 4907 1408 4963 aaclesias
1438 4908 1782 4975 subvertunt,
1821 4907 1993 4963 libros
2022 4906 2102 4963 div

505 4999 663 5052 vinos
689 4999 1006 5052 incendunt.
1036 5010 1091 5052 et
1111 5001 1447 5052 christianos
1479 4986 1689 5052 decima
1717 5000 2100 5052 persecutione

2206 4736 2365 4782 natur
2404 4728 2472 4760 “9
2496 4737 2546 4782 et
2580 4726 2647 4782 70
2666 4725 2905 4799 capitula
2939 4728 3354 4794 constituuntur,
3380 4728 3528 4781 sicut
3561 4727 3794 4781 Athana-

2201 4820 2314 4876 sius
2341 4820 2496 4889 dicit,
2516 4820 2609 4892 qui
2640 4819 2810 4880 eidem
2834 4820 3021 4877 sinon‘o
3058 4819 3324 4892 interfuit.

2378 4954 2515 5011 Sunt
2539 4973 2605 5011 ec
2631 4955 2801 5011 Nicea
2821 4957 2991 5011 decies
3012 4966 3227 5027 septena
3247 4964 3479 5025 statuta,
