3996 5474
187 253 319 311 1517

1031 248 1322 307 ΑΡΡΕΝΙ).
1358 249 1446 305 III.
1487 282 1552 290 —
1592 248 2030 307 MONUMENTA
2066 249 2534 310 CREGORiANA.

3323 248 3463 306 1518

181 363 400 424 stantini
432 372 607 418 matre
646 361 983 418 lerosolimis
1023 365 1314 434 reperitur,
1353 362 1457 418 sub
1497 361 1776 418 Machario
1803 367 1852 424 Α
1945 363 2034 417 12.
2076 363 2512 422 Constans-haut
2551 365 2711 436 longe
2744 361 3109 434 abilispania
3141 362 3346 437 (Πιειι.)
3378 382 3468 422 m-

178 457 420 528 ejusdem
454 455 610 510 urbis
636 455 912 524 episcopo.

160 579 169 587 -
245 548 334 602 20.
395 546 710 603 Vicennalia
757 545 1104 601 Constantini
1153 556 1276 601 acta
1334 545 1521 601 Roma:
1577 546 1664 618 (A.
1694 544 1764 599 D.

177 641 326 710 525).
535 631 537 636 '

244 731 331 786 22.
375 730 560 802 (Onos.
591 747 688 799 vn,
732 730 846 803 28).
884 729 1282 786 Constantinus
1323 729 1626 796 Sarmatas,
1655 729 1766 786 Go-

178 823 300 878 thos
322 832 376 877 et
407 824 608 879 multas
632 823 884 878 nationes
913 822 1164 878 Romano
1193 822 1377 877 subdit
1407 822 1655 892 imperio.

244 914 332 968 21.
373 914 770 970 Constantinus
797 915 1108 970 Bizantium
1137 916 1328 969 urbem
1372 899 1678 983 reparavit,
1714 921 1769 968 et

178 1021 238 1062 ex
273 1022 372 1061 suo
407 1007 628 1063 nomine
667 1006 1198 1077 Constantinopolim
1249 1006 1558 1076 appellavit,
1587 1016 1639 1060 et
1681 1021 1768 1060 se-

178 1099 293 1152 dem
323 1097 556 1154 Romani
585 1099 738 1169 regni
763 1115 887 1154 esse
915 1099 1104 1154 voluit.

246 1191 332 1245 25.
373 1191 708 1247 Athanasius
719 1192 1010 1262 episc0pus
1025 1191 1310 1246 ordinatur
1322 1191 1662 1246 Alexandria:
1675 1191 1690 1223 ⁸
1701 1191 1762 1246 ¹⁹.

243 1283 330 1337 26.
374 1282 470 1338 His
504 1284 845 1354 temporibus
872 1283 988 1339 ludi
1010 1293 1062 1338 et
1083 1283 1265 1339 Hiberi
1285 1284 1593 1339 elliciuntur
1614 1284 1764 1339 chri-

178 1374 332 1430 stiani
357 1375 446 1445 (Α.
477 1375 544 1430 ι).
578 1376 727 1448 530).

242 1466 328 1520 27.
369 1465 467 1523 His
501 1467 840 1538 temporibus
876 1467 1145 1525 Eusebius
1174 1467 1530 1524 Caesariensis
1553 1469 1766 1540 episco-

151 1576 294 1630 pus,
342 1569 396 1616 et
435 1560 712 1618 Juvencus
759 1571 941 1632 poeta,
978 1572 1032 1619 et
1080 1563 1301 1633 plurimi
1346 1564 1600 1619 doctores
1648 1564 1764 1620 cla-

179 1661 419 1708 ruerunt.

1872 457 2154 526 terlicitur,
2179 476 2324 515 anno
2353 461 2530 516 aetatis
2554 460 2675 515 50°.

1942 549 2027 603 14.
2069 549 2166 606 llis
2197 551 2536 622 temporibus
2561 566 2688 607 ossa
2729 549 3003 606 Timothei
3050 561 3102 607 ct
3139 555 3312 610 sancti
3347 555 3465 610 An-

1868 639 2012 694 dreas
2033 642 2410 710 apostolorum
2436 651 2492 698 et
2513 641 2674 698 Luca:
2697 643 3044 713 evangelista:
3072 642 3466 702 Constantino-

1868 733 2036 802 polim
2073 735 2237 790 allata
2269 745 2416 791 sunt.

1943 823 2026 879 16.
2065 824 2339 882 Antonius
2378 829 2682 883 monachus
2721 828 3022 883 centesimo
3059 827 3252 898 quinto
3287 831 3464 887 astatis

1870 930 1983 969 sua:
2017 932 2162 972 anno
2205 917 2261 971 in
2296 918 2521 973 heremo
2563 921 2831 986 moritur;
2869 936 2978 990 quo
3016 929 3258 990 tempore
3301 923 3463 978 multi

1868 1006 2147 1064 heremitze
2167 1011 2460 1067 virtutibus
2491 1012 2805 1067 claruerunt
2827 1012 2914 1084 (Α.
2949 1013 3015 1066 1).
3049 1013 3198 1083 551).

1940 1097 2028 1152 17.
2068 1098 2382 1157 Victorinus
2441 1103 2627 1156 rethor
2667 1112 2722 1158 et
2764 1102 3008 1159 Donatus
3068 1106 3461 1175 grammaticus

1868 1191 2056 1249 Romae
2091 1197 2332 1268 insignes
2355 1198 2645 1254 habentur.

1939 1285 2026 1340 18.
2059 1285 2311 1343 Julianus
2333 1305 2505 1344 czesar
2529 1290 2756 1346 eﬁicitur
2778 1306 2807 1345 a
2830 1290 3174 1348 Constantio.

1939 1378 2027 1432 19.
2069 1379 2276 1451 Magna:
2314 1380 2742 1438 Alemannorum
2791 1385 2963 1454 copiae
3005 1386 3148 1454 apud
3191 1385 3460 1458 Argenta-

1866 1471 2008 1526 rium
2033 1472 2100 1502 ¹³⁸
2123 1473 2310 1527 deleta:
2333 1483 2480 1529 sunt.

1934 1563 2024 1618 20.
2064 1563 2314 1621 Julianus
2344 1565 2536 1622 Rheno
2571 1566 2876 1624 Germanos
2898 1568 3026 1623 vicit
3051 1568 3234 1639 (1275)
3266 1568 3355 1642 [Α.
3387 1569 3454 1625 D.

1864 1654 2012 1728 555].

242 1749 328 1804 28.
367 1748 585 1822 (Ευεειι.
615 1750 760 1805 Hist.
788 1751 972 1806 eccles.
1003 1767 1079 1818 Ix,
1104 1752 1200 1819 ll;
1230 1749 1388 1805 Hisn.
1413 1768 1464 1806 a.
1484 1751 1633 1823 540.)
1656 1751 1763 1806 An—
1794 1713 1834 1766 Β
1935 1713 2021 1801 21.
2065 1747 2304 1804 Hilarius
2328 1749 2684 1808 Pictaviensis
2707 1753 3024 1823 episcopus,
3049 1761 3103 1806 et
3122 1751 3458 1807 Athanasius

179 1841 351 1897 tonius
379 1844 684 1900 monachus
711 1844 895 1899 clarus
924 1844 1175 1900 habetur.

148 1958 150 1966 ι
241 1933 326 1987 29.
365 1932 708 2003 Constantia,
753 1936 1101 1991 Constantini
1153 1951 1332 2004 soror,
1379 1950 1519 1990 uxor
1566 1936 1761 1994 Licinii

179 2029 419 2083 moritur.

239 2121 324 2176 50.
359 2121 756 2178 Constantinus
781 2122 834 2177 in
860 2122 1155 2177 Arrianum
1184 2122 1380 2194 dogma
1411 2123 1630 2178 labitur.

241 2213 322 2266 51.
362 2211 760 2270 Constantinus
790 2215 920 2269 dum
947 2215 1146 2270 bellum
1193 2215 1249 2268 in
1295 2214 1492 2270 Persas
1519 2225 1756 2287 pararet,

176 2304 309 2374 apud
354 2303 729 2362 Nicomediam
779 2307 934 2374 obiit,
986 2322 1132 2362 anno
1176 2307 1355 2363 tetatis
1407 2309 1506 2362 66°
1562 2309 1648 2382 (Α.
1683 2309 1754 2364 D.

140 2427 145 2431 -
177 2394 316 2466 εδδ).

239 2486 739 2558 CONSTANTIUS,
767 2491 911 2548 ﬁlius
936 2491 1304 2558 Constantini,
1331 2508 1457 2548 cum
1484 2491 1756 2549 Constan-

177 2576 280 2632 tino
330 2589 384 2634 et
435 2580 736 2637 Constante
797 2583 1058 2639 fratribus
1105 2599 1235 2638 ann.
1300 2583 1404 2650 21,
1460 2600 1635 2639 mens.
1687 2586 1753 2654 5,

174 2665 281 2724 dies
304 2669 387 2724 15.

239 2764 287 2817 1.
322 2763 680 2822 Constantius
714 2767 774 2822 ﬁt
805 2768 1072 2824 Arrianus
1095 2783 1193 2838 per
1214 2767 1507 2822 Arrianum
1541 2770 1755 2838 presbi-

175 2865 342 2913 terum
374 2869 428 2914 et
464 2859 765 2918 Eusebium
793 2860 1291 2930 Nicomediensem,
1321 2872 1376 2917 et
1409 2864 1757 2935 persequitur

175 2954 486 3011 catholicos.

1863 1841 2282 1910 Alexandrinus,
2319 1853 2375 1898 et
2398 1861 2588 1900 omnes
2617 1847 2872 1902 catholici
2908 1846 3148 1916 episc0pi
3175 1847 3243 1901 ab
3266 1847 3456 1901 Arria-

1863 1934 1949 1989 nis
1981 1936 2150 1990 multa
2177 1938 2319 1991 mala
2342 1946 2472 1993 sunt
2502 1939 2768 2009 perpessi.

1933 2027 2020 2084 22.
2058 2027 2213 2098 Apud
2235 2028 2542 2084 Ariminum
2576 2031 2803 2085 sinodus
2823 2031 3184 2088 Arrianorum
3207 2031 3311 2085 400
3334 2031 3452 2102 epi—

1859 2136 2152 2191 scoporum
2183 2122 2249 2153 ¹²⁶
2279 2132 2468 2178 contra
2493 2124 2655 2178 ﬁdem
2684 2123 2826 2180 facta
2854 2133 2956 2181 est.

1928 2213 2018 2268 25.
2063 2213 2246 2284 (Onos.
2290 2232 2388 2282 vn,
2437 2216 2541 2284 29;
2577 2217 2649 2272 cf.
2690 2215 2848 2271 HIER.
2899 2233 2951 2272 a.
2999 2218 3150 2289 552.)
3201 2217 3456 2292 Julianus

1815 2353 1818 2355 A
1861 2321 2122 2361 successu
2157 2309 2424 2364 bellorum
2468 2310 2664 2376 elatus,
2712 2311 2932 2381 augusti
2961 2326 3161 2366 nomen
3201 2320 3451 2381 usurpat.

1857 2397 2214 2455 Constantius
2263 2399 2338 2472 in.
2363 2400 2596 2459 Parthos
2627 2402 2831 2456 bellum
2870 2411 3028 2473 parat
3072 2403 3160 2458 ⁸³⁷.
3203 2403 3458 2460 Liberius

1856 2507 1996 2562 papa
2027 2493 2179 2560 55'",
2210 2479 2358 2549 sedit.
2387 2510 2562 2550 annos
2589 2496 2640 2549 6.
2675 2495 2796 2562 Quo
2827 2497 3076 2566 expulso,
3117 2497 3297 2552 locum
3335 2497 3457 2566 ejus

1858 2584 2007 2640 Felix
2043 2602 2181 2658 papa
2209 2587 2335 2640 56η·
2364 2603 2476 2641 uno
2498 2603 2646 2642 anno
2678 2589 3000 2658 occupavit;
3042 2597 3104 2642 et.
3135 2589 3331 2643 iterum
3363 2587 3457 2641 Li-

1854 2676 2040 2734 berius
2071 2693 2183 2733 sua!
2201 2679 2315 2734 sedi
2352 2681 2658 2734 restituitur
2688 2679 2776 2734 “3.
2812 2679 3048 2736 Sanctus
3084 2689 3267 2735 autem
3302 2679 3454 2736 Felix

1855 2767 2238 2825 Constantium
2262 2771 2650 2841 imperatorem
2673 2773 2975 2829 hereticum
2996 2787 3119 2828 esse
3145 2772 3453 2840 declamas,

1856 2862 2228 2918 martirizatus
2249 2871 2354 2931 est,
2386 2865 2438 2919 4.
2470 2864 2588 2920 Kal.
2619 2862 2874 2936 Augusti.

1924 2951 2015 3008 21.
2057 2952 2414 3011 Constantius
2467 2955 2724 3012 Parthico
2785 2956 2928 3012 bello
2967 2956 3218 3025 dimisso,
3265 2963 3455 3014 contra

239 3046 290 3100 2.
331 3046 515 3114 (Ηιειι.
555 3065 607 3104 a.
655 3049 806 3121 5M.)
853 3047 1092 3106 Jacobus
1139 3047 1422 3106 Nisibinus
1463 3049 1754 3120 cpiscopus
1782 3085 1823 3142 Ο
1853 3041 2133 3100 lulianum
2157 3063 2315 3142 arma
2341 3063 2594 3115 sumens,
2627 3050 2881 3104 moritur.

172 3137 456 3195 virtutibus
484 3140 701 3196 claruit.

238 3231 288 3284 5.
328 3230 726 3289 Constantinus
743 3234 947 3290 bellum
970 3233 1128 3290 fratri
1148 3235 1471 3290 Constantio
1494 3233 1755 3302 inferens,

168 3323 311 3394 juxta
331 3324 640 3396 Aquileiam
671 3322 957 3383 Occiditur.

237 3414 287 3468 4.
327 3413 511 3470 Terrae
536 3425 718 3472 motus
743 3417 944 3473 multas
979 3418 1144 3472 urbes
1173 3417 1360 3472 diruit.

235 3506 286 3561 5.
327 3505 525 3563 Franci
551 3524 583 3564 a
611 3509 844 3564 Consta:
859 3517 910 3564 te
944 3510 1267 3580 perdomiti,
1296 3510 1352 3564 in
1382 3525 1573 3580 pacem
1602 3524 1756 3566 rece-

171 3599 242 3668 pti
267 3609 393 3656 sunt
424 3602 513 3672 (A.
550 3601 620 3656 D.
651 3601 798 3672 540).

233 3690 284 3745 6.
321 3691 800 3764 Constantinopoli
829 3694 1002 3765 ejecto
1047 3694 1118 3748 ab
1157 3693 1408 3750 Arrianis
1438 3693 1610 3751 Paulo
1637 3696 1755 3768 epi-

167 3795 344 3851 scopo,
377 3783 730 3842 Macedonius
768 3785 1142 3840 heresiarches
1171 3785 1224 3840 in
1257 3785 1439 3840 locum
1474 3787 1594 3856 ejus
1625 3787 1758 3841 sub—

167 3873 428 3930 stiti-itur.

236 3965 284 4019 7.
327 3967 534 4040 (illam)
576 3967 690 4025 Hoc
731 3977 976 4040 tempore
1021 3967 1350 4023 Maximinus
1389 3967 1756 4022 Treverorum

166 4056 448 4130 episcopus
477 4061 660 4118 clarus
687 4060 919 4116 habetur
935 4104 949 4128 ,
976 4077 1006 4115 a
1029 4075 1139 4131 quo
1164 4060 1499 4115 Athanasius
1523 4060 1758 4116 Alexan-

167 4151 291 4208 dria:
343 4156 654 4226 episc0pus,
687 4171 720 4210 a
759 4154 1082 4211 Constantio
1126 4153 1414 4226 profugus,
1457 4152 1756 4212 honoriﬁce

135 4273 138 4278 ι
166 4247 480 4316 suscipitur.

231 4338 282 4393 8.
325 4341 392 4373 ¹¹⁰
427 4341 646 4399 Marcus
676 4343 805 4398 55‘"
831 4359 968 4414 papa
999 4343 1137 4398 sedit
1157 4357 1287 4396 ann.
1323 4341 1360 4394 2
1396 4359 1406 4370 ·
1435 4341 1453 4371 ¹
1485 4337 1657 4393 Nonis
1687 4339 1753 4372 ³³⁸

170 4427 425 4487 Octobris.

228 4522 280 4576 9.
319 4526 654 4584 Athanasius
682 4527 970 4598 episcopus
993 4527 1061 4582 ad
1085 4524 1403 4582 Constantis
1427 4525 1614 4578 literas
1633 4522 1754 4578 Ale-

167 4619 439 4677 xandriam
477 4625 802 4694 regreditur.

231 4709 313 4765 10.
355 4705 592 4784 Eclipsis
613 4717 746 4772 solis
780 4717 921 4773 facta
945 4725 1049 4782 est,
1073 4725 1128 4770 et
1152 4726 1312 4772 terra:
1345 4723 1528 4768 motus
1550 4714 1751 4769 multas

167 4794 423 4853 subvertit
446 4799 515 4831 ¹²³
536 4799 713 4857 Julius
734 4803 860 4858 5411³
886 4817 1046 4875 papa,
1070 4818 1199 4856 ann.
1231 4800 1319 4867 15,
1349 4799 1385 4852 2
1409 4798 1495 4852 Id.
1524 4797 1653 4868 Apr.
1684 4798 1752 4831 ³⁸⁵

1934 3137 2266 3194 lULlANUS
2294 3149 2567 3210 apostata,
2602 3157 2808 3195 annum
2846 3142 2896 3209 1,
2935 3157 3154 3197 menses
3177 3141 3229 3196 8.
3261 3140 3361 3196 llic
3385 3156 3453 3196 ex

1856 3233 2161 3288 christiano
2192 3234 2393 3289 lectore
2413 3251 2661 3306 paganus
2696 3235 2895 3304 factus,
2926 3237 3275 3307 persequitur
3301 3235 3453 3290 chri-

1858 3326 2089 3382 stianos.
3043 3370 3045 3372 .

1930 3419 1982 3473 1.
2022 3418 2228 3491 Pagani
2270 3422 2415 3491 apud
2451 3421 2714 3477 Sebasten
2760 3423 3112 3493 sepulchrum
3148 3423 3325 3479 sancti
3361 3421 3457 3480 Jo-

1859 3513 2059 3568 hannis
2083 3513 2340 3584 Baptistae
2371 3515 2637 3570 invadunt
2664 3514 2750 3587 (Α.
2796 3515 2864 3570 D.
2893 3515 3040 3588 560).
3094 3575 3097 3579 ,

1927 3606 1980 3660 2.
2021 3605 2274 3662 Julianus
2315 3608 2383 3662 ad
2426 3608 2630 3662 bellum
2675 3607 2994 3664 Parthicum
3049 3609 3348 3679 profectus,
3399 3618 3456 3664 et

1856 3699 2284 3756 christianorum
2312 3701 2635 3772 sanguinem
2666 3701 2772 3757 diis
2809 3703 2926 3758 suis
2962 3718 3190 3769 vovens,
3229 3703 3327 3760 Dei
3359 3705 3456 3775 ju-

1855 3791 2000 3846 dicio
2041 3808 2073 3847 a
2120 3793 2359 3863 quodam
2409 3793 2568 3849 hoste
2615 3795 2833 3851 occisus
2866 3795 3093 3864 interiit,
3141 3812 3287 3852 anno
3316 3806 3455 3852 aeta-

1858 3882 1928 3938 tis
1949 3883 2068 3938 52°.

1926 3973 2261 4031 JOVIANUS
2285 3992 2503 4033 menses
2525 3976 2578 4031 8.
2605 3975 2713 4034 Iste
2741 3977 2941 4034 iterum
2969 3994 3096 4035 cum
3121 3979 3272 4034 omni
3295 3993 3456 4034 excr-

1856 4065 1966 4121 eitu
1997 4067 2066 4121 ad
2091 4068 2544 4123 christianitatem
2568 4070 2728 4126 redit.
3200 4127 3204 4130 _

1928 4159 1979 4212 1.
2024 4157 2262 4215 Sinodus
2301 4161 2540 4216 heretica
2591 4160 2896 4217 Antiochiae
2934 4159 3079 4216 facta
3115 4168 3218 4216 est.
3264 4158 3452 4214 Jovia-

1857 4265 1962 4303 nus
1987 4249 2042 4302 in
2064 4263 2206 4302 nova
2227 4249 2392 4304 domo
2424 4251 2712 4318 recubans,
2737 4250 3037 4308 suﬁ‘ocatus
3061 4252 3229 4307 odore
3248 4266 3455 4321 pruna-

1861 4356 1986 4395 rum
2013 4347 2068 4395 et
2094 4339 2260 4395 calcis
2279 4341 2530 4396 moritur.

1786 4435 1830 4488 D
1925 4431 2508 4502 VALENTlNlANUS,
2538 4450 2712 4491 annos
2741 4436 2826 4489 11.
2853 4434 2954 4490 Hic
2993 4436 3066 4491 ob
3095 4433 3255 4489 ﬁdem
3289 4432 3452 4488 Chri-

1858 4527 1929 4582 sti
1957 4527 2238 4582 tribunatu
2262 4527 2500 4583 militum
2527 4546 2557 4584 a
2580 4528 2798 4584 Juliano
2827 4529 3073 4598 privatus
3096 4536 3199 4583 est.

1930 4621 1982 4675 1.
2025 4619 2442 4676 Valentinianus
2466 4621 2679 4679 Valenti
2716 4639 2818 4678 suo
2846 4621 3008 4676 fratri
3037 4619 3266 4677 orientis
3287 4619 3436 4688 impe

1857 4712 2001 4766 rium
2035 4711 2200 4767 dedit.

1927 4803 1981 4857 2.
2025 4801 2211 4873 (Onus.
2237 4820 2336 4870 vn,
2361 4804 2478 4875 52.)
2503 4807 2704 4865 Valens
2726 4806 2794 4863 ab
2817 4803 3072 4862 Eudoxio
3099 4801 3460 4857 Arrianorum

170 4889 252 4960 (A.
293 4891 359 4949 D.
391 4895 542 4966 545).
1395 4889 1404 4892 ’
1856 4895 2112 4965 episcopo
2134 4896 2393 4952 seductus
2418 4907 2478 4953 et
2507 4902 2838 4975 baptizatus,
2862 4907 2991 4967 post
3021 4904 3252 4956 mortem
3277 4891 3466 4951 fratris

234 4981 316 5036 11.
356 4983 562 5042 Bellum
578 4997 766 5046 contra
778 4991 974 5049 Persas
989 4990 1139 5062 gravi
1161 4989 1535 5044 Romanorum
1551 4984 1754 5041 damno
1855 4987 2192 5044 orthodoxos
2216 4992 2599 5059 persequitur.

173 5072 384 5140 Seritur.
1931 5079 1982 5134 5.
2022 5078 2203 5152 (Ηιειι.
2237 5097 2288 5136 a.
2335 5080 2502 5160 570.)
2549 5087 2860 5151 Gratianus,
2899 5076 3273 5143 Valentiniani
3307 5075 3475 5145 ﬁlius,

1469 5196 1704 5255 VARUE
1745 5193 2148 5250 LECTIONES.

1242 5290 1307 5320 1“
1349 5287 1469 5340 scil.
1509 5288 1665 5342 obiit.
1751 5287 1817 5318 ¹²²
1851 5285 1915 5342 Ν.
1941 5284 2004 5341 Ο.
2044 5288 2156 5341 alio
2199 5304 2382 5342 rursus
2413 5304 2539 5355 αττ,
2624 5299 2691 5332 m
2728 5297 2838 5351 haec
2866 5290 2978 5344 alio
3013 5304 3122 5350 atr.

1257 5359 1325 5390 ¹²⁸
1366 5359 1736 5441 argentariam
1774 5359 2302 5441 corr-.argentarium
2345 5360 2391 5413 1.
2490 5370 2566 5405 ηδ
2591 5368 2764 5429 CCCC
2788 5379 3062 5435 ep.supra
3085 5363 3183 5417 lin.

1731 5439 1850 5474 nim
1859 5443 2046 5474 nmmo-

3204 5283 3270 5315 ⁵³⁸
3307 5280 3368 5333 11.
3401 5279 3480 5336 Li.

236 5285 298 5316 ¹¹⁹
333 5287 580 5340 αιιίοαιν.
659 5289 724 5322 ¹²⁰
767 5298 881 5350 [me
909 5293 1017 5346 alio
1055 5303 1159 5347 an,
1242 5290 1307 5320 1“
1349 5287 1469 5340 scil.
1509 5288 1665 5342 obiit.
1751 5287 1817 5318 ¹²²
1851 5285 1915 5342 Ν.
1941 5285 2004 5341 Ο.
2044 5288 2156 5341 alio
2199 5304 2382 5342 rursus
2413 5304 2539 5355 αττ,
2624 5299 2691 5332 m
2728 5297 2838 5351 haec
2866 5290 2978 5344 alio
3013 5304 3122 5350 atr.
3204 5285 3270 5315 ⁵³⁵
3307 5285 3368 5333 Π·
3402 5285 3480 5336 Νι

263 5355 368 5408 alio
394 5374 576 5411 rursus
596 5367 695 5412 σιν.
730 5368 858 5419 scil,
886 5365 1159 5419 discessit.
1257 5359 1325 5390 ¹²⁸
1366 5359 1736 5419 argentariam
1774 5359 2302 5419 corr-.argentarium
2345 5360 2391 5413 1.
2490 5370 2566 5405 ηδ
2591 5368 2764 5419 CCCC
2788 5379 3062 5419 en.supm
3085 5363 3183 5417 lin.
3262 5353 3324 5383 ¹¹⁷
3366 5367 3486 5419 qua?

165 5349 222 5404 A.
263 5355 368 5408 alio
394 5374 576 5411 rursus
596 5367 695 5412 atr.
730 5349 858 5422 εέέι,
886 5365 1159 5419 discessit.

161 5436 307 5474 8800..
336 5426 445 5474 alio
469 5436 571 5474 alr-
663 5429 730 5465 ⁸³⁸
774 5436 1024 5474 ροίίιιίηιν
1059 5446 1110 5474 or
1133 5434 1341 5474 roh'mm
1371 5426 1482 5474 ηιῖιι
1509 5431 1702 5474 iterum
