3996 5474
549 277 688 334 1519

1537 267 1628 322 ΔΙ)
1664 265 1890 324 OPERA
1934 264 1991 320 S.
2030 262 2359 323 GREGORH
2393 259 2840 323 API’ENDICES.
2957 308 2962 312 .

3708 269 3830 324 im

549 385 838 448 Ambianis
857 387 1160 460 iruperator
1186 385 1436 442 eﬂicitur.
1471 382 1612 440 Vera
1638 383 1762 438 lana
1806 382 2004 454 pluviae
2033 380 2150 434 im—
2175 386 2222 443 Α
2253 379 2398 436 Nota
2425 381 2588 436 etiam
2616 381 2804 436 seriem
2827 372 3186 441 namnam»;
3224 379 3516 450 praemuni
3562 388 3614 432 et
3661 393 3832 434 eam

549 485 722 542 mixta
747 483 816 539 de
844 481 1082 537 nubibus
1102 477 1277 534 (luxit.

621 576 676 632 ι.
713 559 1083 630 Athanaricus
1105 585 1206 626 rex
1239 569 1547 627 Gothorum
1583 566 1918 624 christianos
1957 565 2013 620 in
2048 579 2150 620 sua

551 676 712 740 gente
731 661 1080 738 persequitur
1095 663 1186 720 ¹-¹’.
1217 650 1490 718 Damasus
1513 675 1652 732 papa
1689 659 1841 725 57",
1879 657 2019 714 sedit
2051 673 2152 712 an-

549 775 654 814 nos
683 758 768 812 l8.
795 780 869 798 --
893 757 947 812 5.
975 755 1042 788 ³³⁸
1075 753 1203 811 Idus
1232 753 1567 809 Decembris.

622 850 676 905 5.
718 847 835 905 Hoc
860 857 1110 920 tempore
1129 845 1465 918 Apollinaris
1492 843 1788 916 cpiscopus
1822 841 1982 912 plura
2013 839 2150 897 scri-

549 939 680 1012 psit,
713 948 801 998 set
827 947 1018 1012 postea
1047 939 1286 996 heresim
1311 937 1520 994 condit.
1585 959 1592 964 ·

623 1034 680 1088 0.
719 1032 914 1106 Magna
945 1031 1121 1088 fames
1156 1031 1214 1087 in
1247 1029 1488 1101 Phrigia.

623 1125 676 1181 7.
719 1124 817 1184 llis
847 1125 1044 1182 diebus
1061 1131 1190 1196 post
1211 1122 1470 1178 Anxentii
1499 1119 1719 1176 Arriani
1749 1127 1982 1174 mortem
2014 1115 2151 1173 Am-

551 1217 777 1274 brosius
807 1215 1103 1288 episc0pus
1126 1213 1418 1272 Mediolani
1455 1211 1761 1268 ordinatur.
2102 1229 2108 1240 ε

623 1309 678 1364 8.
727 1307 910 1382 (Ηιιειι.
950 1323 1002 1364 a.
1037 1306 1188 1376 577.)
1215 1305 1636 1362 Valentinianus
1669 1301 1922 1359 Saxones
1966 1301 2024 1355 in
2066 1315 2155 1356 re-

553 1401 716 1473 gione
738 1399 1078 1462 Francorum
1101 1399 1232 1457 cede
1253 1397 1584 1470 perdomuit.

625 1495 678 1550 9.
723 1493 916 1565 (Ibid.)
947 1492 1401 1566 Burgundionum
1424 1491 1493 1546 80
1525 1489 1642 1546 fere
1659 1487 1810 1544 milia
1827 1489 1983 1561 juxta
2005 1485 2153 1544 lihe-

554 1591 695 1642 huut
705 1585 1106 1642 consederunt.
1232 1627 1236 1630 .
1355 1597 1360 1602 '

633 1677 716 1732 10.
757 1677 893 1735 Post
921 1677 1254 1734 Auxentium
1284 1677 1602 1743 Arrianum,
1638 1674 1892 1732 ordinato
1916 1671 2153 1728 Ambro-

555 1771 662 1836 sio,
680 1769 846 1826 ‘ltalia
872 1770 942 1826 ad
969 1778 1177 1827 rectam
1205 1761 1366 1826 ﬁdem
1400 1767 1560 1825 redit.

543 1869 553 1874 '
628 1857 714 1918 11.
761 1861 947 1936 (Osos.
971 1874 1070 1931 vn,
1102 1861 1220 1934 52.)
1241 1861 1658 1918 Valentinianus
1693 1858 1898 1915 bellum
1933 1857 1990 1913 in
2021 1856 2156 1912 Sar-

555 1963 739 2012 matas
785 1971 988 2026 parans
1008 1997 1024 2022 ,
1058 1954 1310 2026 apoplexi
1333 1953 1585 2010 moritur.

629 2044 902 2102 VALEle
926 2054 1054 2118 post
1075 2054 1310 2104 mortem
1331 2045 1519 2102 fratris
1543 2059 1671 2101 cum
1689 2041 1956 2100 Gratiano
1977 2049 2034 2099 et
2051 2039 2159 2098 Va-

556 2139 860 2194 lentiniano
889 2154 1065 2196 annos
1086 2140 1140 2196 4.
1855 2198 1858 2202 .

597 2227 601 2231 ’
629 2233 684 2286 1.
724 2229 1022 2288 Gratianus
1049 2231 1124 2288 50
1151 2232 1304 2288 milia
1334 2230 1765 2286 Alemannorum
1798 2228 2015 2285 delevit.

607 2323 684 2378 Ὠ.
727 2321 930 2380 Valens
956 2323 1131 2396 legem
1155 2324 1324 2392 dedit,
1347 2331 1409 2378 ut
1431 2321 1688 2378 monachi
1713 2320 2043 2386 militarent;
2068 2334 2166 2374 no-

558 2416 735 2472 lentes
771 2413 1014 2472 l'ustibus
1041 2415 1208 2487 jussit
1243 2414 1495 2470 interﬁci.
1519 2413 1684 2470 Gothi
1712 2413 1857 2468 datis
1881 2427 1912 2468 a
1937 2410 2164 2468 Valente

559 2505 821 2564 hereticts
843 2507 1186 2575 doctoribus,
1209 2506 1430 2563 Arriani
1455 2506 1765 2562 eﬂiciuntnr
1791 2504 1882 2577 (Α.
1911 2503 1980 2560 D.
2007 2503 2158 2574 575).

631 2601 686 2656 5.
729 2599 911 2675 (linea.
954 2616 1006 2656 a.
1058 2600 1210 2674 581.)
1259 2600 1428 2657 Gothi
1471 2599 1618 2655 fame
1663 2596 1936 2670 compulsi
1983 2596 2162 2653 rebel—

555 2681 696 2749 lant.
1053 2705 1058 2712 ’
1331 2710 1336 2716 '

631 2787 688 2840 4.
729 2783 930 2842 Valens
973 2800 1009 2842 a
1059 2784 1257 2842 Gothis
1299 2787 1488 2842 occiso
1529 2784 1774 2842 exercitu
1823 2782 2060 2856 fugiens,
2103 2781 2163 2838 in

561 2879 727 2934 domo
754 2878 992 2950 quadam
1017 2879 1175 2936 vivus
1205 2891 1500 2935 crematur.
1531 2877 1652 2934 Huc
1691 2891 1870 2948 usque
1897 2875 2164 2933 chronica

563 2967 785 3024 Eusebii
819 2966 1128 3024 lerenimus
1163 2969 1438 3040 perduxit.
1477 2967 1617 3023 llinc
1654 2976 1836 3022 autem
1883 2981 2058 3037 usque
2087 2965 2159 3021 ad

563 3061 916 3117 millesimum
963 3059 1483 3132 quinquagesimum
1533 3068 1790 3130 quartum
1845 3073 2053 3113 annum
2093 3058 2164 3112 ab

503 3170 514 3178 ·
564 3152 946 3210 incarnatione
969 3147 1190 3208 Domini
1233 3153 1471 3208 domnus
1499 3149 1876 3207 l-leremannus
1905 3150 2167 3206 chronica

568 3259 672 3302 sua
697 3243 972 3316 perduxit.
1023 3293 1027 3296 .

635 3338 761 3394 578.
801 3337 938 3394 Post
978 3346 1210 3394 mortem
1251 3336 1495 3394 Valentis
1540 3337 1759 3393 Arriani
1800 3338 2170 3409 imperatoris,

565 3429 863 3487 Gratianus
890 3444 1020 3486 cum
1049 3428 1434 3486 Valentiniano
1471 3429 1638 3484 fratre
1677 3446 1802 3498 suo,
1838 3431 2000 3488 annis
2029 3430 2063 3486 6
2085 3447 2174 3488 re-

569 3519 762 3593 gnavit
788 3519 877 3574 "1.

639 3611 765 3668 579.
804 3610 1102 3670 Gratianus
1125 3611 1424 3684 imperator
1441 3609 1814 3668 Theodosium
1841 3611 2044 3667 orienti
2074 3611 2178 3668 ime'

567 3713 884 3776 peratorem
911 3702 1177 3775 pratt’eeit.
1215 3703 1616 3771 Priscillianus,
1647 3704 1718 3760 de
1741 3702 1934 3760 Galliis
1955 3703 2172 3775 episco-

569 3809 696 3868 pus,
724 3795 830 3852 hoc
855 3804 1099 3868 tempore
1117 3794 1207 3854 sui
1250 3795 1494 3852 nominis
1523 3795 1760 3853 heresim
1787 3795 1992 3858 conruit.

640 3887 765 3944 580.
807 3887 892 3944 Ab
918 3889 1026 3945 hoc
1060 3903 1206 3944 anno
1236 3887 1574 3959 Theophilus
1615 3887 2017 3944 Alexandrinus
2051 3887 2146 3960 epi-

571 3989 772 4052 scopus
799 3981 1088 4052 paschales
1113 3981 1283 4038 ciclos
1305 3981 1546 4037 inchoat.

642 4073 766 4128 581.
810 4072 1048 4130 Sinodus
1074 4075 1315 4130 secunda
1335 4071 2171 4144 universalisl50episc0porum

569 4162 1047 4237 Constantinopoli
1095 4166 1296 4239 agitur,
1347 4176 1539 4222 contra
1583 4165 1960 4221 Macedoniam
2019 4165 2176 4220 here-

573 4261 872 4328 siarcham,
925 4261 1101 4333 ipsius
1143 4261 1296 4316 urbis
1333 4261 1674 4332 episcopum,
1717 4261 1821 4316 sub
1863 4259 2170 4316 Theodosio

572 4361 808 4425 augusto
862 4361 918 4410 et
959 4353 1024 4386 ⁸³⁸
1065 4353 1303 4409 Damaso
1331 4369 1502 4425 papa;
1535 4363 1584 4408 ct
1619 4354 1686 4386 ⁸³³
1719 4361 1836 4424 post
1871 4352 2176 4408 damnatio-

573 4462 692 4504 nem
719 4445 964 4516 prmdicti
996 4445 1215 4503 heretici
1247 4455 1350 4501 tres
1375 4461 1600 4500 canones
1630 4447 2046 4501 constittmutur.

645 4541 772 4596 585.
805 4539 1144 4608 Archarlius,
1176 4539 1321 4594 illius
1350 4538 1645 4594 Theodosii
1679 4539 1929 4610 augusti,
1960 4555 1990 4594 a
2020 4545 2172 4610 patre

557 4627 632 4704 ,ἱιι
662 4633 1004 4688 consortium
1032 4633 1187 4704 regni
1217 4645 1534 4702 assumptus
1557 4673 1572 4698 ,
1602 4632 1846 4703 regnavit
1885 4633 2052 4687 anuis
2078 4631 2169 4686 26.

554 4693 565 4798 ξ
651 4725 776 4781 581.
809 4724 1082 4781 Maximus
1117 4725 1220 4782 sibi
1247 4741 1478 4797 regnum
1508 4741 1782 4794 usurpans
1807 4767 1822 4791 ,
1853 4723 2172 4780 Gratianum

557 4799 833 4886 .Lugduni
860 4816 1075 4872 occidit.
1107 4815 1299 4872 Romae
1329 4821 1454 4886 post
1481 4813 1776 4868 Damasum
1805 4829 2002 4885 papam
2033 4812 2173 4868 Siri-

580 4909 744 4978 cius,
793 4909 888 4980 qui
937 4909 994 4964 in
1041 4908 1322 4966 chronicis
1366 4907 1626 4977 Prosperi
1673 4905 1910 4964 Ursinus
1950 4908 2162 4978 dicitur.

577 5013 717 5074 papa
745 4999 818 5054 40
845 5012 926 5066 ιη,
955 5001 1096 5056 sedit
1122 5016 1298 5056 annos
1328 5001 1414 5055 14.
1459 4999 1520 5055 Si
1551 4999 1620 5032 m
1641 5015 1859 5055 numero
1887 5002 2174 5072 praedicto-

582 5107 702 5146 rum
736 5093 1046 5162 pontiﬁcum
1083 5103 1328 5148 sanctum
1367 5093 1588 5148 Petrum
1631 5104 1684 5148 et
1729 5093 1938 5150 Clctum
1972 5113 2177 5168 papam

581 5199 924 5250 (innumeras,
953 5200 1082 5254 quos
1110 5187 1551 5256 praetermisimus
1579 5187 1634 5240 in
1657 5203 1896 5257 numero,
1917 5186 2176 5246 Siricium

577 5288 777 5340 patrum
804 5273 862 5328 in
889 5275 1074 5330 ordine
1101 5278 1569 5350 quadragesimum
1595 5281 1889 5336 certissim
1924 5281 2172 5336 invenies.

2249 489 2416 528 anites
2445 473 2800 528 diversissima
2825 472 3120 542 descriptos
3141 472 3199 526 in
3225 471 3550 542 quibusdam
3576 471 3734 525 (ﬁbris
3757 472 3836 526 ia-

2250 565 2438 620 veniri.
2471 563 2780 620 leronimus
2826 563 3117 635 presbiter,
3147 563 3261 633 iam
3293 563 3347 617 in
3377 561 3660 617 Bethleem
3691 563 3834 618 habi-

2252 668 2376 715 tans
2395 700 2411 726 ,
2439 659 2624 714 clarus
2653 657 2904 714 habetur.
2935 656 3311 712 Priscilliauus
3343 657 3624 712 hereticus
3671 655 3726 709 in
3766 655 3834 711 si-

2252 753 2411 808 nodo
2427 750 2818 824 Burdegalcusi
2845 750 3193 806 damnandus
3219 745 3404 821 {fugit
3425 791 3440 814 ,
3475 756 3564 806 set
3592 745 3837 804 Treveris

2253 844 2324 899 ab
2350 843 2559 899 Ebodio
2587 841 2845 914 praefecto
2873 840 3221 898 interﬁcitur.

2323 937 2448 992 586.
2483 935 2598 990 Hoc
2628 944 2856 1007 tempore
2885 933 3114 992 Siricius
3142 951 3281 1005 papa
3305 933 3528 1004 scripsit
3555 931 3840 986 decretaiia

2255 1029 2326 1086 15
2353 1029 2594 1100 capitula
2623 1028 2879 1100 Hymerio
2905 1027 3290 1083 Tarraconensi
3313 1027 3562 1098 episcopo
3591 1028 3681 1082 ⁸³⁵.

2327 1122 2450 1178 588.
2489 1119 2833 1178 Theodosius
2881 1128 3150 1193 angustus
3204 1119 3501 1175 Maximum
3555 1129 3840 1191 tyrannum

2253 1215 2519 1286 Aquileia:
2543 1213 2762 1270 occidit.

2327 1307 2452 1362 589.
2487 1305 2701 1362 Ytatius
2728 1312 2784 1360 et
2809 1302 3064 1362 Ursatius
3091 1303 3355 1375 episwpi,
3385 1304 3460 1358 ob
3481 1319 3680 1358 necem
3701 1303 3842 1358 Pris-

2258 1399 2460 1456 cilliani
2507 1413 2672 1471 quem
2721 1405 3115 1454 accusaverunt
3142 1439 3156 1464 ,
3198 1397 3426 1452 melesiie
3461 1395 3846 1452 communione

2257 1493 2562 1563 privamur.

2329 1583 2454 1640 590.
2486 1582 2603 1639 Hoc
2631 1591 2874 1654 tempore
2899 1561 3126 1638 sanctus
3151 1579 3449 1646 Martinus,
3479 1579 3810 1636 Ambrosius
3829 1614 3845 1644 .

2259 1675 2501 1748 episcopi
2527 1717 2543 1742 ,
2577 1675 2884 1730 leronimus
2909 1674 3198 1746 presbiter,
3239 1671 3524 1729 Iohannes
3573 1673 3848 1727 (ἒς-ἱερασ-

2187 1749 2230 1806 Β
2257 1783 2382 1825 mus
2407 1811 2422 1836 ,
2451 1767 2794 1840 Augustinus
2823 1775 2881 1824 et
2917 1765 3154 1823 Severus
3196 1765 3399 1837 aliique
3446 1779 3622 1836 quam
3672 1764 3848 1835 plum

2258 1861 2512 1918 doctores
2544 1860 2880 1916 claruerunt.

2329 1953 2456 2010 592.
2489 1952 2909 2008 Valentinianus
2935 1950 3062 2008 dolo
3089 1951 3412 2023 Arbogastis
3435 1951 3642 2021 laqueo
3687 1948 3848 2003 sitam

2263 2049 2456 2105 linivit.
2490 2045 2795 2102 Ieronimus
2823 2045 3022 2100 librum
3053 2059 3218 2115 quem
3259 2043 3328 2099 de
3369 2043 3506 2098 viris
3549 2041 3850 2098 illustribus

2261 2137 2492 2196 melesiat
2517 2137 2758 2209 scripsit,
2790 2138 2898 2193 huc
2927 2149 3107 2208 usque
3130 2135 3405 2208 perduxit.

2333 2233 2456 2288 595.
2492 2231 2837 2288 Theodosius
2867 2231 3164 2300 imperator
3191 2243 3319 2284 cum
3347 2228 3478 2284 ﬁliis
3503 2225 3784 2282 Arehadio
3803 2235 3854 2282 ct

2262 2323 2507 2380 Honorio
2535 2333 2648 2380 tres
2673 2337 2853 2379 annos
2879 2321 3145 2394 regnavit.

2333 2418 2458 2473 594.
2489 2415 2770 2472 Iohannes
2799 2415 3146 2471 anachoraata
3169 2455 3185 2481 ,
3238 2411 3396 2484 cujus
3431 2411 3608 2467 vitam
3647 2407 3854 2466 let-oui-

2263 2525 2388 2566 mus
2414 2509 2694 2580 decripsit,
2725 2502 3097 2563 Theodosium
3119 2506 3508 2577 imperatorem
3527 2512 3730 2558 contra
3757 2501 3858 2556 Eu-

2225 2635 2230 2640 ο
2264 2602 2484 2675 genium
2517 2609 2809 2673 tyrannum
2837 2600 3102 2656 victorem
3127 2597 3246 2654 fore
3272 2596 3546 2668 pradixit.
3657 2627 3665 2639 ι

2335 2693 2461 2750 593.
2493 2692 2839 2749 Theodosius
2882 2691 3182 2763 imperator
3227 2689 3537 2760 Eugenium
3572 2698 3858 2760 tyranm

2263 2786 2417 2854 vicit,
2465 2794 2522 2842 et
2567 2786 2686 2857 ipse
2721 2784 2919 2841 eodem
2966 2797 3115 2839 anno
3156 2781 3450 2838 Mediolani
3503 2781 3562 2836 in
3614 2795 3750 2851 pace
3775 2796 3858 2836 re-

2265 2879 2490 2952 quievit.
2518 2877 2629 2934 Pro
2651 2877 2719 2912 ¹³⁶
2735 2891 2852 2950 quo
2877 2875 3186 2932 Archadius
3213 2883 3274 2930 et
3295 2873 3580 2929 Honorius
3605 2876 3708 2930 lilii
3723 2875 3857 2944 ejus.

2273 2988 2450 3028 annos
2480 2971 2568 3027 15.
2598 2961 2941 3043 Augustinus
2970 2967 3176 3040 Ypona‘.
3221 2967 3514 3023 ordinatur
3549 2967 3841 3038 episcopus

2267 3064 2542 3122 Iohannes
2599 3063 2868 3120 heremita
2927 3059 3182 3134 migravit
3235 3059 3308 3115 ad
3365 3058 3698 3115 Dominum.
3753 3059 3860 3114 Itur

2274 3173 2451 3230 usque
2495 3156 2905 3213 ecclesiasticam
2950 3154 3234 3211 historiam
3269 3151 3495 3208 Eusebii
3535 3151 3778 3208 Ruﬁnus
3797 3149 3860 3182 *δ’

2275 3251 2390 3311 sive
2420 3249 2729 3306 Ieronimus
2757 3247 3030 3320 perduxit,
3061 3245 3450 3302 transferendo
3475 3243 3736 3300 andem.

2345 3342 2470 3399 596.
2502 3341 2661 3398 Gildo
2687 3356 2872 3398 comes
2909 3339 3170 3396 Atl‘ricam
3215 3338 3320 3395 sibi
3369 3339 3666 3410 tyranniee
3710 3353 3856 3392 usur-

2274 3436 2442 3506 pavit.

2281 3539 2285 3542 ·
2345 3528 2470 3584 597.
2503 3526 2743 3585 Sanctus
2771 3525 3038 3582 Martinus
3065 3523 3417 3580 Turonorum
3439 3523 3744 3595 episcopus
3767 3521 3838 3577 mi

2275 3623 2453 3694 gravit
2481 3621 2548 3677 ad
2577 3621 2870 3676 Dominum
2895 3661 2909 3688 ,
2941 3635 3088 3676 anno
3127 3619 3306 3676 aetatis
3347 3617 3471 3684 81⁸,
3522 3619 3864 3690 episcopatus

2273 3729 2406 3770 vero
2431 3713 2549 3780 26°,
2581 3713 2740 3784 cujus
2768 3713 2936 3768 vitam
2965 3719 3021 3768 ct
3047 3711 3279 3767 virtutes
3317 3709 3599 3782 Sulpitius
3641 3711 3864 3767 Severus

2279 3807 2491 3880 egregie
2523 3807 2852 3877 composuit.
3651 3818 3657 3823 ‘

2347 3899 2472 3956 598.
2505 3897 2741 3954 Sanctus
2786 3897 3112 3954 Ambrosius
3147 3895 3580 3954 Mediolanensis
3610 3895 3858 3966 archiepi-

2279 4009 2496 4065 scopus,
2527 3991 2722 4048 doctor
2746 3990 3018 4063 egregius,
3057 3989 3315 4060 migravit
3341 3989 3411 4044 ad
3441 3988 3746 4045 Dominum
3771 4031 3786 4052 ,
3813 3989 3860 4042 5.

2275 4085 2394 4140 Kal.
2428 4084 2575 4139 Maii.
2607 4083 2796 4138 Romae
2823 4081 3168 4147 Anastasius,
3193 4095 3335 4152 papa
3365 4081 3523 4150 41η,
3547 4083 3697 4138 sedit
3719 4080 3864 4138 annis

2275 4179 2330 4234 1.
2362 4177 2520 4233 Gildo
2547 4191 2736 4232 comes
2759 4191 2941 4247 pugna
2967 4175 3146 4230 victus
3174 4173 3405 4229 interiit.

2347 4271 2472 4326 599.
2505 4267 2730 4340 Templa
2757 4268 3026 4324 idolorum
3047 4267 3434 4332 destruantur,
3458 4274 3515 4322 et
3535 4267 3656 4323 ludi
3679 4267 3841 4339 gladia

2278 4372 2459 4420 torum
2497 4361 2781 4417 tolluntur.

2347 4455 2471 4511 400.
2535 4452 2724 4526 (Βειυ.)
2753 4451 2916 4508 Gothi
2955 4451 3166 4506 Italiam
3215 4451 3526 4507 devastant.
3577 4450 3697 4508 Hoc
3739 4447 3861 4507 te'm-

2274 4563 2408 4618 pore
2462 4545 2790 4602 Anastasius
2844 4560 2982 4617 papa
3037 4559 3136 4599 sua
3193 4544 3414 4600 decreta
3464 4545 3778 4610 constituit,
3818 4553 3864 4597 et

2277 4639 2526 4694 inventos
2578 4639 2632 4692 in
2691 4636 2837 4693 Urbe
2885 4635 3200 4692 Manicheos
3257 4636 3567 4692 damnavit.
3635 4638 3861 4707 Corpora

2277 4733 2668 4802 prophetarum
2715 4729 2939 4786 Abacuc
2983 4739 3041 4786 et
3080 4727 3306 4784 Micheae
3348 4744 3382 4783 a
3427 4727 3675 4785 Domino
3721 4744 3860 4784 reve-

2277 4823 2483 4880 lantur.
2663 4827 2677 4838 ‘
3053 4871 3064 4880 .

2353 4915 2472 4972 401.
2504 4915 2782 4971 Iohannes
2807 4911 3452 4985 ConstantinOpolilanus
3499 4921 3558 4970 et
3599 4911 3857 4984 Theophi-

2277 5009 2364 5063 lus
2389 5007 2682 5064 clarissimi
2710 5008 3002 5074 habentur,
3033 5019 3116 5064 set
3142 5007 3282 5062 adeo
3309 5006 3622 5070 discordes,
3659 5015 3722 5061 ut
3753 5020 3854 5060 mo-

2275 5101 2464 5156 limine
2494 5099 2781 5171 Theophili
2813 5098 3092 5156 Iohannes
3122 5099 3179 5154 in
3207 5097 3447 5154 Pontum
3490 5099 3661 5154 exilio
3687 5098 3757 5154 sit
3781 5111 3854 5152 re-

2276 5193 2510 5266 legatus.

2349 5286 2474 5341 402.
2507 5283 2671 5342 Gothi
2697 5284 3015 5343 Stiliconem
3043 5285 3240 5342 ducem
3265 5300 3394 5342 cum
3423 5283 3684 5344 Romano
3715 5298 3853 5340 exer-

1874 5417 2113 5474 VARLE
2151 5419 2558 5474 LECTIO‘NES.
