3996 5474
210 286 380 390 ἰδεμ

1102 299 1386 354 APPEND.
1422 299 1507 353 111.
1543 329 1612 338 —
1649 297 2083 356 MONUMENTA
2117 301 2574 360 GREGORIANA.

3326 302 3463 364 1322

212 418 317 471 citu
350 401 689 485 fugaverunt.
727 412 1073 468 Innocentius
1100 455 1115 478 ,
1152 429 1290 482 papa
1320 413 1470 478 42M,
1522 411 1659 468 sedit
1686 428 1785 466 an-
1813 417 1858 472 A
1885 414 2145 483 greditur,
2177 413 2356 469 Attalo
2381 431 2606 470 currum
2633 412 2752 484 ejus
2782 425 3113 484 praceucntc
3134 458 3148 484 ,
3175 425 3230 471 et
3260 431 3313 471 in
3344 424 3462 474 exi‘

210 523 306 561 nos
340 506 403 558 14
425 547 440 570 ,
475 505 564 574 qui
595 505 661 535 ⁸³⁸
690 504 758 557 57
787 503 1022 574 capitula
1049 503 1337 556 derretalia
1363 503 1594 571 scripsit.

193 590 196 592 ’
280 596 404 651 405.
437 595 751 667 Carthagini
799 595 1089 649 concilium
1119 603 1307 649 contra
1338 592 1652 649 Donatistas
1691 593 1789 647 iia-

212 689 387 746 betur.

281 776 407 832 404.
441 775 654 848 (Βεω.)
715 775 812 831 His
858 775 1196 846 temporibus
1247 774 1596 831 Innocentius
1649 791 1786 846 papa

211 869 380 923 multa
427 869 645 924 decreta
694 866 838 922 fecit.
888 866 1115 923 Orosius
1162 868 1442 939 presbyter
1476 869 1658 923 clarus
1687 869 1788 922 ha-

213 960 388 1014 betur.

283 1049 407 1104 405.
441 1047 555 1104 Hoc
600 1058 844 1120 tempore
890 1048 1228 1120 Radagaisus
1271 1060 1396 1105 enm
1435 1048 1542 1104 200
1569 1049 1790 1106 milibus

213 1139 534 1206 Gothorum,
567 1141 676 1196 Deo
698 1141 955 1209 donante,
987 1150 1072 1197 est
1098 1142 1294 1195 vietus.
1555 1161 1561 1168 ο
1760 1161 1764 1166 ·

281 1231 405 1286 406.
436 1228 708 1292 Wandali,
759 1230 921 1287 Suevi
988 1241 1043 1287 et
1085 1233 1282 1298 Alani,
1316 1232 1542 1303 trajecto
1595 1231 1790 1300 Reno‘,

215 1324 373 1379 tertio
403 1322 520 1376 Kal.
554 1322 777 1378 Ianuar.
809 1323 1010 1380 Gallias
1039 1324 1309 1378 hostiliter
1335 1323 1585 1393 ingressi.

291 1412 408 1468 407.
444 1411 784 1466 Innocentius
836 1429 976 1483 papa
1035 1413 1361 1465 Are/mdium
1423 1412 1791 1480 imperatorem

210 1501 712 1565 excommunicauit,
745 1501 869 1571 quia
905 1501 1200 1567 consensit,
1238 1509 1293 1552 ut
1323 1499 1670 1568 expelleretur
1695 1499 1793 1553 Jo-

210 1591 408 1645 liannes
438 1590 792 1647 Crisostomus
822 1592 890 1624 ¹³⁹
919 1591 1126 1663 (1274).

283 1680 407 1734 408.
440 1679 748 1734 Archadius
779 1679 1075 1748 imperator
1106 1678 1578 1748 Constantinopoli
1623 1679 1793 1735 mori-

1889 502 2023 558 lium
2057 513 2247 575 postea
2280 507 2470 562 misso.
2509 505 2736 572 Questio
2777 513 2833 560 et
2876 506 3146 562 dissensio
3193 507 3261 563 de
3302 508 3464 581 hujus

1890 595 2019 649 anni
2055 597 2259 666 pascha
2299 597 2473 651 oritur
2509 598 2576 629 ’δ’
2615 598 2718 652 sub
2752 597 2972 653 Zosimo
3009 615 3168 669 papa.

1960 685 2084 740 418.
2115 683 2431 758 Carthagini
2462 689 2694 743 concilio
2729 689 3108 759 episcoporum
3149 692 3254 745 217
3300 684 3491 749 ωηο-Α

1890 786 1978 832 cto
2008 786 2064 832 et
2104 793 2134 832 a
2177 777 2396 834 Zosimo
2427 793 2564 850 papa
2597 780 2949 848 confirmato,
2992 781 3241 853 Pelagius
3269 777 3472 855 aliique

1892 868 2117 922 heretici
2147 869 2494 925 damnantur.
2529 871 2760 942 Eclipsis
2813 873 2945 929 solis
2983 873 3048 928 14
3078 874 3300 931 Kalend.
3357 876 3470 932 Au‘

1893 959 2035 1031 gusti
2070 959 2234 1014 facta.
2801 980 2808 986 '

1963 1051 2086 1106 419.
2119 1050 2390 1108 Honorius
2417 1061 2682 1124 angustus
2711 1053 3089 1111 Constantium
3117 1057 3310 1112 ducem
3337 1068 3472 1113 cuna

1893 1151 2095 1196 sortem
2125 1142 2254 1196 facit
2282 1143 2511 1212 imperii.
2554 1144 2739 1200 Roma
2764 1146 3096 1213 Bonifacius,
3125 1149 3214 1219 qui
3241 1157 3472 1219 quatuor

1891 1233 2102 1286 decreta
2146 1235 2270 1301 fecit
2313 1234 2401 1300 ³⁸³,
2450 1250 2588 1305 papa
2631 1238 2780 1304 44M,
2832 1239 2971 1293 sedit
3005 1239 3164 1294 annis
3189 1247 3468 1309 quatuor,

1893 1338 2018 1378 cum
2057 1341 2166 1394 quo
2209 1325 2278 1379 ab
2307 1326 2435 1380 aliis
2459 1342 2596 1396 papa
2627 1328 2913 1384 ordinatur
2941 1329 3223 1398 Eulalius,
3260 1330 3352 1399 qui
3385 1337 3470 1385 tao

1892 1431 2017 1470 men
2044 1417 2112 1470 ab
2139 1425 2374 1489 augusto
2399 1418 2707 1488 deponitur.

1962 1505 2087 1560 420.
2120 1506 2432 1564 Bethlehem
2461 1508 2775 1563 Jeronimus
2803 1509 3089 1578 presbiter,
3119 1511 3368 1581 egregius
3388 1511 3472 1566 in-

1892 1603 2120 1668 terpres,
2151 1613 2298 1655 anno
2327 1600 2503 1656 atatis
2531 1601 2623 1656 91°
2653 1601 2788 1656 obiit
2817 1601 2903 1655 ⁸⁸⁸.
3455 1588 3460 1592 ’

1962 1688 2088 1743 421.
2119 1688 2476 1747 Constantius
2501 1692 2796 1762 imperator
2827 1684 3099 1748 Ravenna
3132 1693 3384 1747 moritUr.

211 1779 321 1835 tur.
359 1770 551 1824 relicto
579 1784 680 1838 pro
704 1784 765 1824 se
789 1769 900 1824 ﬁlio
929 1768 1254 1824 Theodosio.
1285 1767 1424 1822 Cum
1451 1783 1562 1838 quo
1594 1769 1793 1824 dehinc
1825 1751 1867 1806 Β
1963 1779 2090 1834 425.
2122 1779 2360 1838 Placidia
2388 1751 2620 1854 augusta
2648 1799 2680 1838 a
2711 1782 2878 1838 fratre
2910 1783 3148 1838 Honorio
3181 1785 3364 1854 pulsa,
3403 1779 3472 1839 ad

212 1869 440 1930 patruus
467 1859 742 1915 Honorius
754 1859 913 1915 annis
933 1861 1000 1915 15
1013 1859 1274 1930 regnavit.
1298 1858 1484 1914 Stilico
1505 1859 1615 1914 dux
1635 1858 1792 1915 fortis

209 1957 282 2008 ab
307 1953 546 2010 Honorio
572 1964 806 2025 augusto
842 1955 1127 2010 occiditur.

283 2043 408 2101 409.
443 2046 695 2101 Wandali
717 2088 733 2113 ,
765 2047 954 2113 Alani,
989 2046 1152 2101 Suevi
1173 2087 1188 2113 ,
1243 2045 1299 2100 in
1329 2045 1396 2077 “°
1423 2043 1512 2099 die
1540 2042 1792 2099 Octobris

211 2134 507 2198 Hispanias
535 2150 825 2209 occupant.
1166 2127 1167 2130 “

280 2229 404 2284 410.
436 2230 686 2286 Alaricus
729 2245 825 2284 rex
864 2228 1166 2284 Gothorum
1212 2227 1443 2284 Romam
1479 2227 1692 2282 obsedit
1739 2237 1794 2282 et

208 2321 426 2391 irrupit,
441 2335 586 2376 anno
607 2322 677 2376 ab
705 2313 850 2375 Urbe
875 2320 1093 2375 condita
1123 2317 1282 2385 1164,
1311 2327 1366 2372 et
1392 2317 1520 2386 quia
1545 2317 1795 2371 christia-

207 2425 316 2468 nus
341 2422 478 2477 erat,
506 2413 644 2468 locis
671 2421 882 2466 tantum
908 2411 1138 2466 sacratis
1164 2418 1219 2464 et
1244 2409 1314 2464 ad
1341 2424 1405 2462 ea
1434 2407 1793 2491 perfugispe—

191 2527 196 2534 ·
210 2504 406 2573 percit.

195 2631 202 2636 -
278 2595 402 2649 411.
436 2595 770 2662 Pestilentia,
800 2593 973 2650 fames
996 2635 1012 2661 ,
1042 2594 1231 2649 bestia
1273 2602 1328 2647 et
1351 2583 1567 2664 gladius
1594 2588 1792 2646 barba-

207 2685 378 2744 ricus.
409 2688 672 2741 miserum
708 2687 815 2741 late
845 2687 1132 2741 devastant
1160 2685 1372 2740 orbem.

229 2778 410 2832 --412.
443 2779 747 2833 Gothorum
797 2779 1034 2832 maxima
1085 2793 1214 2847 pars
1265 2775 1468 2830 Gallias
1523 2775 1786 2845 ingressa.

209 2868 402 2937 Heros,
433 2870 607 2925 sancti
636 2870 853 2924 Martini
883 2869 1203 2939 discipulus,
1226 2866 1559 2921 Arelatensis
1579 2867 1792 2939 episco—

203 2975 332 3031 pus,
371 2970 613 3028 sanctus,
648 2962 932 3028 innocens,
963 2961 1092 3016 sede
1119 2973 1218 3016 sua
1247 2957 1440 3028 pulsus
1463 2965 1579 3024 est,
1607 2965 1663 3012 et
1690 2972 1790 3027 pro

207 3068 274 3107 eo
303 3052 587 3108 Patroclus
615 3053 918 3107 ordinatur.

1894 1867 2260 1927 Theodosium
2311 1870 2602 1944 augustum
2656 1874 2712 1928 in
2767 1874 3031 1929 orientem
3086 1875 3468 1944 proficiscitur.

1893 1958 2082 2017 Roma
2103 1962 2430 2031 Celestinus,
2461 1981 2600 2036 papa
2627 1965 2780 2032 45'",
2814 1965 2951 2021 sedit
2987 1967 3146 2020 annis
3179 1967 3212 2021 9
3235 2004 3250 2031 ,
3281 1967 3373 2036 qui
3405 1961 3472 1998 ³⁸⁸

1891 2050 1963 2104 22
1982 2049 2232 2122 ‘capitula
2266 2053 2554 2109 decretalia
2592 2057 2850 2126 episcopis
2893 2055 3194 2110 Galliarum
3234 2056 3469 2126 scripsit.

1892 2141 2170 2200 Honorius
2219 2145 2520 2215 imperator
2562 2147 2860 2203 occidentis
2913 2145 3183 2202 Ravenna
3217 2147 3470 2214 moritur,

1891 2242 1946 2290 et
1973 2233 2251 2318 Iohannes
2277 2244 2542 2320 tyrannus
2571 2252 2798 2307 regnum
2828 2239 2946 2308 ejus
2979 2239 3284 2307 occupavit.

1963 2325 2088 2379 424.
2122 2314 2462 2382 Theodosius
2499 2326 2955 2394 Valentinianum,
2986 2329 3167 2383 amita
3194 2345 3308 2384 sua
3343 2327 3473 2385 Pla.

1889 2414 2049 2471 cidiie
2080 2416 2250 2469 tilium
2277 2457 2293 2482 ,
2323 2431 2583 2472 casarem
2611 2416 2837 2484 faciens,
2869 2420 2936 2473 ad
2965 2435 3193 2491 regnum
3221 2419 3475 2476 occiden-

1883 2508 1964 2562 tis
1990 2522 2116 2562 cum
2145 2515 2320 2562 matre
2353 2508 2741 2578 possidendum
2772 2509 3018 2564 remittit.

1885 2619 1888 2622 θ
1963 2596 2090 2654 425.
2123 2598 2538 2654 Valentinianus
2569 2614 2696 2654 cum
2728 2596 2902 2655 matre
2933 2599 3235 2656 Iohannem
3283 2609 3474 2672 tyrane

1887 2705 2026 2744 num
2053 2688 2326 2743 Ravenna
2353 2691 2644 2759 oppressit.

1961 2780 2086 2834 426.
2117 2779 2400 2834 Patroclus
2456 2779 2789 2836 Arelatensis
2833 2780 3133 2850 episcopus
3183 2796 3214 2835 a
3251 2781 3472 2836 tribuno

1887 2872 2127 2941 quodam
2163 2871 2396 2925 barbaro
2422 2864 2686 2926 innocens
2722 2871 3044 2926 trucidatur.

1959 2961 2084 3016 427.
2118 2960 2433 3020 Bonifacius
2454 2962 2511 3016 in
2532 2961 2729 3016 Aifrica
2750 2963 2980 3032 pollens,
3010 2963 3176 3018 duces
3203 2964 3472 3033 quosdam

1891 3062 2081 3108 contra
2111 3069 2183 3115 se.
2196 3053 2519 3109 dimicantes
2546 3054 2763 3108 occidit.
2798 3054 3001 3108 Contra
3044 3066 3206 3123 quem
3233 3055 3474 3109 evocatis

279 3143 405 3196 413.
437 3141 534 3199 His
558 3144 892 3212 temporibus
913 3141 1164 3211 Pelagius
1194 3139 1388 3206 Britto,
1418 3139 1790 3195 annitentibus
1816 3139 1858 3164 υ
1891 3145 2137 3200 barbaris
2162 3186 2176 3211 ,
2226 3160 2377 3199 mare
2401 3183 2417 3214 ,
2467 3144 2534 3199 ad
2569 3144 2623 3198 id
2653 3152 2866 3215 tempus
2895 3143 3140 3216 ignotum
3163 3185 3180 3212 ,
3223 3146 3471 3216 pervium

205 3235 445 3291 Celestio
495 3245 550 3291 et
595 3235 842 3302 Juliano,
895 3236 1126 3290 liberum
1174 3234 1461 3288 arbitrium
1492 3234 1615 3304 plus
1639 3232 1789 3302 justo

205 3327 475 3384 extollens
499 3368 515 3394 ,
551 3336 606 3382 et
631 3329 910 3382 hominem
941 3327 1058 3382 sine
1086 3326 1273 3396 gratia
1300 3325 1516 3378 Domini
1543 3326 1747 3378 auxilio
1772 3366 1787 3392 ,

206 3419 433 3488 proprio
461 3420 606 3484 nisu,
639 3418 938 3488 perfectum
969 3418 1084 3472 fieri
1114 3432 1274 3486 posse
1307 3431 1560 3471 asserens
1584 3457 1599 3481 ,
1630 3416 1790 3471 fidem

207 3509 442 3566 aclesia
485 3511 687 3565 turbat.
739 3510 910 3580 Cujus
957 3509 1193 3564 heresim
1229 3510 1422 3562 beatus
1451 3506 1790 3579 Augustinus

207 3599 558 3670 singulariter
607 3614 718 3670 pra
765 3599 961 3654 ceteris
1011 3605 1306 3668 expugnat,
1354 3603 1409 3651 et
1454 3612 1592 3668 papa
1625 3597 1789 3651 innoc-

1888 3234 2094 3293 el‘iicitu
2102 3252 2145 3289 r.
2353 3293 2356 3296 ί

1962 3328 2085 3384 428.
2137 3325 2423 3382 Nestorius
2471 3327 2762 3397 episcopus
2810 3326 3469 3398 Constantinopolitanus,

1889 3419 2026 3474 duas
2062 3420 2116 3473 in
2150 3417 2371 3474 Christo
2409 3433 2673 3489 personas
2709 3419 3011 3489 pradicans
3034 3461 3050 3486 ,
3087 3421 3472 3490 hominemque

1890 3527 2088 3580 purum
2119 3525 2184 3565 ex
2215 3509 2434 3581 Virgine
2463 3519 2674 3578 natum,
2704 3511 2957 3567 deitatem
2987 3520 3174 3581 postea
3194 3513 3472 3582 accepisse

1889 3601 2170 3657 afﬁrmans
2195 3643 2209 3667 ,
2243 3616 2274 3656 a
2307 3601 2496 3657 Cirillo
2538 3603 2906 3658 Alexandrino
2953 3603 3212 3674 episcopo
3245 3611 3300 3658 et
3331 3618 3471 3675 papa

205 3700 422 3746 centius
470 3705 597 3745 cum
624 3691 744 3744 aliis
773 3689 1029 3744 hereticis
1067 3689 1413 3744 condemnat.
1444 3686 1789 3758 Burgundio—
1886 3692 2162 3750 Celestino
2199 3693 2456 3748 hereseos
2492 3694 2762 3764 arguitur,

206 3799 309 3839 nes
357 3791 567 3858 partem
618 3781 803 3837 Gallia
826 3823 841 3849 ,
893 3780 1086 3836 Rheno
1142 3781 1452 3850 contiguam
1539 3780 1790 3835 obtinueo

208 3882 360 3929 runt.

279 3965 405 4019 414.
437 3963 650 4020 Attalus
677 3961 870 4019 Gothis
899 3961 1217 4018 auctoribus
1245 3959 1302 4014 in
1331 3959 1502 4015 Gallia
1549 3968 1792 4014 tvranni-

205 4057 334 4113 dein
363 4056 584 4110 invasit.

279 4149 406 4204 415.
439 4147 600 4203 Gothi
637 4145 926 4218 Hispanias
971 4155 1202 4219 petunt,
1255 4160 1489 4215 quorum
1537 4143 1791 4213 prasidio

207 4238 428 4294 Attalus
457 4240 750 4296 destitutus
774 4281 789 4306 ,
819 4255 850 4293 a
880 4237 1143 4293 Romanis
1177 4245 1261 4292 est
1291 4244 1500 4305 captus.
1532 4235 1792 4290 Jerosoli-

208 4330 318 4385 mis
344 4345 574 4401 corpora
605 4340 920 4387 sanctorum
951 4327 1212 4400 Stephani
1237 4328 1658 4398 protomartiris,
1692 4326 1792 4383 Ga-

1958 3783 2082 3837 429.
2113 3782 2367 3852 Agricola
2405 3782 2682 3838 hereticus
2713 3781 3078 3855 Pelagianism
3096 3821 3112 3849 ,
3158 3779 3472 3839 Britannias

1887 3886 1992 3929 suo
2018 3874 2188 3928 inﬁcit
2212 3888 2418 3927 errore.

1960 3961 2085 4016 450.
2121 3960 2354 4016 Sanctus
2380 3959 2720 4032 Augustinus
2747 3958 3056 4032 Yponensis
3083 3963 3392 4033 episcopus,
3414 3963 3471 4020 in

1886 4052 2107 4107 civitate
2137 4067 2237 4107 sua
2275 4067 2306 4105 a
2340 4050 2590 4106 barbaris
2623 4051 2884 4108 obsessus
2907 4092 2924 4120 ,
2959 4067 3087 4107 cum
3135 4053 3287 4111 inter.
3323 4055 3471 4122 ipsas

1889 4143 2192 4199 obsidionis
2219 4142 2503 4214 angustias
2533 4156 2633 4213 pro
2658 4143 2872 4200 aclesia
2919 4144 3184 4200 sollicitus
3207 4184 3225 4211 ,
3269 4143 3473 4200 Juliani

1889 4235 2118 4307 argutiis
2148 4249 2248 4304 pro
2274 4233 2450 4305 gratia
2480 4232 2578 4288 Dei
2601 4249 2853 4305 pugnans
2896 4235 3269 4309 respondisset
3297 4255 3311 4291 :
3353 4237 3474 4306 ipsa

1890 4326 1984 4381 Dei
2013 4325 2207 4398 gratia,
2236 4340 2304 4380 ne
2339 4325 2570 4400 ruinam.
2592 4339 2822 4380 suorum
2848 4325 3094 4401 videret,
3124 4327 3471 4395 subtractus,

209 4423 446 4478 malielis
468 4433 522 4478 et
545 4422 866 4478 Nichomedi
886 4463 900 4488 ,
933 4419 1175 4476 Luciano
1202 4421 1504 4491 presbitero
1531 4420 1789 4476 divinitus
1821 4461 1866 4516 Β
1891 4419 1924 4474 5
1951 4417 2177 4473 Kalend.
2235 4417 2507 4488 Septemb.
2540 4416 2793 4488 migravit
2830 4417 2899 4473 ad
2946 4417 3239 4475 Dominum
3263 4460 3280 4488 ,
3327 4433 3474 4474 anno

207 4514 472 4580 revelata,
502 4514 874 4569 inveniuntur.

280 4605 406 4660 416.
440 4605 627 4660 Roma
659 4604 940 4670 Zosimus,
972 4617 1111 4674 papa
1138 4605 1265 4658 4'5“!
1295 4645 1310 4670 ,
1343 4603 1482 4660 sedit
1506 4601 1665 4660 annis
1690 4602 1792 4659 tri-

208 4696 334 4752 bus.
395 4694 501 4762 Qui
553 4711 654 4750 sua
701 4695 865 4750 etiam
913 4695 982 4749 ad
1031 4694 1257 4750 aclesia
1311 4703 1513 4750 statum
1575 4693 1791 4748 decreta

207 4787 574 4859 promulgavit
611 4786 787 4841 Ysicio
819 4787 882 4818 ‘“
921 4787 1161 4856 episcopo
1186 4827 1200 4853 ,
1228 4785 1322 4839 sub
1367 4796 1599 4856 quatuor
1641 4785 1790 4855 capi-

209 4881 364 4933 iulia.

283 4969 409 5026 417.
441 4969 719 5026 Honorius
756 4977 1021 5040 angustus
1070 4967 1299 5024 Romam
1321 4968 1672 5041 triumphans
1706 4968 1791 5024 ino

1891 4509 2068 4565 atatis
2099 4508 2209 4574 76°,
2236 4509 2582 4579 episc0patus
2607 4523 2704 4564 seu
2729 4509 3122 4579 presbiteratus
3145 4511 3258 4566 40°.

1964 4604 2088 4658 451.
2124 4601 2308 4658 Tertia
2336 4600 2563 4656 sinodus
2589 4599 2917 4656 universalis
2955 4599 3062 4655 200
3092 4601 3474 4672 episcoporum

1892 4694 2034 4764 apud
2090 4692 2368 4762 Ephesum
2423 4697 2808 4762 congregatur,
2858 4691 2962 4746 sub
3002 4692 3277 4750 Celestino
3314 4705 3475 4761 papa;

1892 4786 1986 4841 ubi
2042 4785 2183 4841 inter
2232 4784 2370 4840 alias
2417 4783 2638 4843 hereses
2679 4779 2970 4839 Nestorius
3023 4799 3154 4842 cum
3186 4789 3332 4837 secta
3381 4797 3479 4835 sua

1891 4878 2216 4956 damnatur,
2245 4884 2297 4930 et
2327 4875 2395 4908 ⁸⁸⁸
2430 4873 2497 4928 12
2525 4874 2707 4946 capita
2755 4883 2942 4961 centra
2989 4875 3223 4934 eundern
3257 4874 3488 4925 conseri"

1893 4969 2106 5024 buntur.

1524 5075 1683 5106 VADI
1706 5076 1754 5106 ΚΡ
1790 5076 1810 5106 Ι
1835 5075 2168 5106 πΡἿἾΛΝΙΡΕ
