3996 5474
490 186 633 245 1535

558 297 686 357 452.
718 296 909 354 Romae
933 296 1147 367 Xistus,
1176 311 1316 370 papa
1348 297 1497 366 46M,
1526 300 1672 367 sedit
1699 314 1875 357 annos
1897 301 1952 355 8.
2020 358 2025 364 ,

1462 185 1554 245 AD
1589 186 1819 245 OPERA
1857 186 1915 243 ὃ.
1956 187 2284 249 GREGORII
2320 183 2762 251 APPENDICES.

2110 306 2159 364 A

3633 192 3761 249 1534

2253 304 2380 361 449.
2412 303 2621 361 lterum
2644 304 2902 379 catholici
2925 302 2997 362 ab
3016 304 3344 376 imperatore
3368 303 3680 363 Theodosio
3698 307 3760 363 ad

550 378 686 445 ⁷455.
719 377 1137 446 Valentinianus
1169 399 1438 462 augustus
1468 390 1641 446 multa
1678 390 1907 447 melesiis
1937 391 2083 448 dona
2184 395 2519 451 audientiam
2542 397 2772 453 evocati.

488 481 658 537 dedit.

557 574 683 629 454.
717 568 967 628 Wandali
993 573 1109 644 jam
1139 587 1288 631 nono
1317 588 1463 629 anno
1500 572 1761 631 Ail‘ricam
1810 574 2079 632 infestan-

434 726 437 727 ν
485 674 589 737 tes,
617 674 839 737 pactum
864 681 893 719 a
924 664 1186 723 Romanis
1212 666 1516 736 postulant.

404 750 409 753 ’
542 740 681 811 455.
715 744 826 811 Pas
864 772 991 811 cum
1026 756 1305 812 Wandalis
1343 757 1511 813 facta.

488 898 493 903 .
550 848 679 905 456.
711 849 873 905 Gothi
913 836 1227 904 Narbonam
1263 850 1548 905 obsessam
1580 840 1723 905 fame
1747 860 2022 921 premunt.

551 943 678 999 457.
707 942 918 999 Bellum
946 959 979 999 a
1011 942 1277 999 Romanis
1305 952 1500 998 contra
1531 942 1742 1000 Gothos
1779 944 2005 1015 geritur.

549 1034 677 1091 458.
712 1034 814 1089 His
868 1035 1191 1107 temporibus
1248 1042 1467 1109 sanctus
1522 1032 1757 1105 Prosper
1807 1034 2077 1106 Regicnsis

479 1130 753 1201 cpiscopus
786 1138 971 1184 contra
1009 1128 1207 1183 librum
1250 1126 1500 1183 Cassiani
1530 1127 1593 1181 de
1626 1128 1947 1197 protectione
1976 1127 2076 1182 Dei

400 1288 403 1289 ν
478 1204 718 1290 scripsit,
736 1220 792 1274 in
816 1237 918 1291 quo
941 1221 1163 1274 eundem
1188 1218 1413 1273 liberum
1443 1216 1731 1272 arbitrium
1755 1217 1910 1272 nimis
1924 1226 2077 1272 extu-

481 1312 609 1367 lisse
636 1312 877 1384 probavit
913 1311 978 1344 ’⁵⁷
1019 1301 1225 1383 (1275).

553 1407 677 1463 459.
709 1388 963 1462 Julianus
991 1404 1337 1460 Atelenensis
1368 1403 1680 1474 episcopus,
1710 1400 2073 1473 Pelagianism

476 1497 913 1570 jactantissimns
944 1537 961 1563 ,
1043 1495 1274 1565 azclesize
1346 1495 1719 1550 communioni
1798 1493 2074 1565 surripere

480 1597 774 1659 temptans,
801 1604 832 1644 a
859 1586 1022 1644 Xisto
1046 1602 1184 1658 papa
1214 1586 1392 1641 denuo
1420 1584 1737 1640 damnatur.

2252 486 2379 541 450.
2416 486 2528 542 Leo
2555 503 2694 558 papa
2723 488 2931 559 legatos
2973 487 3042 543 ad
3088 486 3483 544 confutandam
3529 489 3758 544 heresim

2183 576 2398 633 mittere
2431 580 2662 634 curavit.
2697 579 3038 635 Theodosius
3065 580 3360 650 imperator
3380 580 3619 636 moritur
3659 581 3759 636 Pro

2183 683 2295 739 quo
2335 667 2637 726 Martianus
2684 670 2913 727 orientis
2962 671 3252 742 imperium
3301 672 3535 743 adeptus
3563 714 3580 737 ,
3633 682 3688 728 et
3728 672 3758 727 1

2182 760 2343 816 annis
2396 776 2632 831 regnans
2659 802 2675 828 ,
2726 760 3067 817 Euthicetem
3120 778 3247 817 cum
3287 763 3406 819 suis
3437 764 3761 833 sequacibus

2179 851 2422 906 damnat.
2453 851 2690 908 Placidia
2706 860 2938 923 augusta
2965 853 3119 909 obiit.
3151 852 3386 908 Romani
3412 854 3575 909 Aetio
3606 855 3759 922 duce,

2180 940 2375 998 Gothis
2407 943 2825 1001 suxiliatoribus
2846 985 2864 1013 ,
2898 943 3121 999 Attilam
3155 941 3405 1000 vicerunt
3428 960 3618 1016 regem
3652 945 3757 1000 lino

2179 1049 2398 1090 norum.

2250 1126 2374 1181 451.
2404 1127 2570 1183 Attila
2600 1128 2904 1184 recollectis
2930 1128 3149 1184 viribus
3174 1128 3522 1199 Aquilegiam
3568 1144 3757 1200 magna

2176 1217 2231 1272 vi
2256 1218 2420 1290 cepit.
2450 1219 2533 1277 Ad
2562 1234 2729 1291 quem
2761 1219 3170 1276 Valentinianus
3199 1221 3504 1290 imperator
3527 1220 3762 1278 Leonem

2174 1324 2373 1379 papam
2402 1310 2646 1379 mittens,
2678 1327 2869 1381 pacem
2898 1327 3023 1367 cum
3054 1326 3120 1367 eo
3150 1310 3299 1367 fecit.

2166 1450 2169 1451 ν
2242 1400 2371 1456 452.
2399 1401 2568 1456 Attila
2595 1418 2693 1457 rex
2718 1401 3004 1458 Hunorum
3034 1402 3091 1456 in
3119 1403 3235 1458 suis
3261 1403 3490 1458 sedibus
3509 1403 3755 1459 moritur.

2173 1489 2291 1547 Hoc
2317 1499 2560 1564 tempore
2587 1501 2783 1563 quarta
2811 1494 3040 1550 sinodus
3066 1494 3392 1549 universalis
3417 1495 3528 1549 650
3548 1496 3758 1565 episeo-

2171 1598 2369 1654 porum
2416 1585 2474 1639 in
2522 1583 2828 1641 Calcenone
2895 1593 3087 1642 contra
3134 1584 3402 1641 Euthieen
3460 1594 3520 1641 et
3572 1601 3761 1642 omnes

549 1647 673 1733 440.
708 1647 896 1734 Romae
937 1647 1196 1733 defuncto
1223 1676 1401 1743 Xisto,
1432 1674 1567 1744 Leo,
1614 1676 1699 1731 vir
1742 1675 1990 1732 doctrina
2018 1684 2072 1731 et
2103 1647 2146 1707 Β
2172 1647 2442 1731 hereticos
2484 1688 2869 1748 congregatur,
2919 1677 2982 1709 ⁸³⁵⁸
3012 1678 3187 1749 ibique
3219 1677 3492 1733 damnatis
3521 1678 3758 1734 heretici:

478 1769 728 1826 moribus
756 1763 1009 1842 insignis,
1042 1784 1182 1839 papa
1206 1767 1359 1835 i7“,
1390 1767 1529 1824 sedit
1558 1768 1719 1824 annis
1744 1768 1843 1834 22,
1880 1768 1947 1801 ³³⁸
1974 1770 2071 1839 qui

477 1860 823 1917 Euticianam
871 1869 927 1916 ct
960 1858 1344 1916 Nestorianam
1388 1859 1612 1916 hereses
1643 1859 2067 1929 condemnavit,

474 1961 531 2009 et
558 1952 624 1985 “’
654 1953 725 2009 49
754 1953 963 2008 decreta
994 1951 1333 2021 conscripsit.

480 2106 489 2119 δ
543 2046 670 2101 iii.
700 2044 1044 2101 Theodosius
1080 2044 1379 2115 imperator
1414 2050 1611 2099 contra
1639 2041 1938 2099 Wandalos
1971 2058 2069 2114 per

474 2137 645 2195 duces
675 2153 809 2194 suos
838 2138 1041 2193 bellum
1076 2145 1277 2193 movet.

478 2276 487 2281 τ
544 2231 671 2287 445.
703 2230 940 2288 Sanctus
972 2230 1211 2287 Brictius
1247 2222 1603 2285 Turonorum
1638 2228 1931 2299 episcopus
1966 2227 2065 2284 de-

473 2322 661 2400 cessit,
698 2324 790 2399 cui
824 2332 1048 2380 sanctus
1083 2321 1416 2396 Eustochius
1461 2320 1746 2379 successit.
1780 2319 1891 2376 Leo
1926 2335 2067 2391 papa

472 2414 680 2471 multos
729 2415 786 2470 in
836 2413 984 2470 Urbe
1033 2412 1350 2470 Manicheos
1397 2412 1737 2484 publicavit,
1791 2420 1846 2467 et
1896 2411 2067 2469 libros

472 2520 665 2562 eorum
696 2506 955 2563 incendit.
992 2507 1059 2539 “‘°
1092 2505 1197 2560 Hic
1226 2504 1409 2577 (1276)
1446 2504 1749 2571 constituit,
1784 2511 1843 2557 ut
1876 2519 2065 2558 mona-

472 2597 574 2653 eha
605 2597 843 2655 velamen
877 2599 1071 2671 capitis
1101 2599 1166 2652 ab
1200 2597 1442 2666 episcopo
1478 2593 1805 2649 benedictum
1830 2593 2064 2648 nullate-

390 2737 394 2741 .
470 2686 572 2748 nus
609 2694 908 2763 acciperet,
948 2692 1052 2745 nisi
1102 2690 1252 2761 prius
1309 2688 1588 2758 virginitas
1641 2686 1793 2742 illius
1841 2686 2066 2756 probata

472 2784 811 2851 foret.AUnde
836 2793 885 2839 et
913 2782 1245 2854 Augustinus
1268 2781 1480 2848 asserit,
1504 2795 1596 2834 nec
1617 2778 1772 2833 illam
1794 2779 1931 2833 inter
1955 2779 2064 2833 vir-

468 2876 618 2950 gines
640 2892 825 2931 sacras
855 2873 1273 2931 consecrandam
1305 2873 1437 2942 fore,
1468 2873 1517 2927 si
1544 2888 1652 2943 qua
1681 2871 1816 2942 [oret
1841 2870 1921 2926 vel
1943 2880 2066 2927 ante

466 2971 795 3041 baptismum
827 2977 1103 3039 corrupta.
1761 3027 1767 3033 _

540 3062 667 3118 444.
696 3062 861 3132 Attila
892 3077 987 3118 rex
1016 3059 1304 3116 Hunorum
1347 3056 1592 3114 Bleldam
1624 3054 1849 3112 fratrem
1898 3069 2061 3111 suum

468 3153 733 3225 regnique
754 3161 1064 3209 consortem
1090 3151 1384 3206 interemit.
1411 3147 1487 3205 De
1508 3148 1675 3219 hujus
1700 3146 2062 3227 anni‘pascha

467 3243 751 3301 Proterius
779 3254 835 3300 et
861 3244 1199 3300 Pascasinus
1230 3241 1402 3297 Leoni
1432 3255 1588 3312 papa:
1614 3240 1883 3296 scribunt.
1970 3297 1977 3305 _

538 3338 664 3394 445.
698 3337 795 3393 His
824 3336 1164 3407 temporibus
1190 3333 1304 3390 Leo
1327 3348 1467 3404 papa
1493 3333 1636 3388 inter
1658 3332 1767 3387 alia
1792 3332 1936 3387 bona
1963 3331 2062 3387 ba-

468 3428 657 3485 silicas
686 3428 1062 3498 apostolorum
1095 3427 1240 3480 Petri
1272 3433 1329 3480 et
1354 3424 1509 3479 Pauli
1535 3423 1837 3479 renovavit.

476 3566 481 3571 .
524 3518 668 3585 4446.
697 3518 853 3588 Apud
883 3516 1160 3586 Ephesum
1189 3524 1400 3586 septem
1431 3515 1767 3569 dormientes
1790 3555 1806 3581 ,
1834 3514 1930 3585 qui
1959 3514 2062 3569 sub

471 3606 637 3665 Decio
682 3609 857 3664 multa
902 3622 1002 3678 pro
1041 3605 1265 3662 Christo
1317 3615 1586 3661 tormenta
1624 3606 1772 3675 passi
1828 3606 1886 3661 in
1939 3618 2063 3676 spe-

468 3700 633 3757 lanea
652 3700 892 3772 quadam
916 3697 1355 3765 obdormierunt,
1383 3705 1509 3767 post
1534 3712 1711 3753 annos
1739 3697 1839 3752 l96
1869 3712 2063 3767 exper-

470 3791 668 3865 gefacti
683 3800 916 3861 sunt,et,
935 3790 1256 3848 conﬁrmata
1279 3789 1384 3847 ﬁde
1407 3788 1849 3858 resurrectionis,
1863 3789 2060 3845 iterum

398 3917 405 3921 ι
469 3883 904 3943 obdormierunt.

533 3977 663 4034 447.
694 3977 952 4034 Euthices
972 3977 1249 4048 presbiter
1275 3985 1331 4034 et
1354 3976 1528 4032 abbas
1552 3974 2060 4047 Constantinopoli-

397 4083 401 4087 ·
436 4132 440 4135 _
465 4077 654 4137 tinus,
678 4069 912 4126 confusa
944 4069 1001 4125 in
1035 4064 1258 4125 Christo
1284 4067 1588 4123 divinitatis
1615 4075 1672 4124 et
1699 4060 2059 4125 humanitatis

466 4161 775 4219 substantia
800 4203 815 4230 ,
844 4178 1012 4218 unam
1041 4162 1095 4216 in
1123 4176 1193 4217 eo
1223 4170 1477 4221 naturam
1507 4159 1916 4230 dogtnatizans,
1955 4175 2063 4215 an-

465 4254 676 4313 nitente
707 4252 1022 4311 Theodosio
1038 4253 1255 4323 juniore
1283 4260 1519 4324 augusto
1549 4258 1604 4308 et
1632 4251 1895 4308 Dioscoro
1929 4250 2057 4307 Ale-

2168 1765 2239 1821 27
2264 1783 2489 1821 canones
2514 1776 2836 1823 statuerunt.

2237 1860 2364 1915 455.
2399 1859 3160 1933 Valentinianus'imperator
3203 1864 3423 1920 Aetium
3465 1866 3759 1937 patriciam

2166 1966 2335 2007 manu
2365 1967 2465 2009 sua
2493 1954 2549 2008 in
2579 1953 2783 2024 palatio
2809 1953 3186 2012 fraudulenter
3208 1957 3430 2013 occidit.

2235 2045 2363 2100 454.
2392 2043 2811 2102 Valentinianus
2837 2047 3136 2117 imperator
3158 2048 3214 2102 in
3245 2064 3442 2119 eampo
3469 2046 3672 2104 Martio
3690 2048 3757 2105 ab

2164 2136 2360 2193 amicis
2384 2135 2524 2193 Aetii
2547 2138 2909 2194 interemitur.
2933 2139 3042 2194 Pro
3064 2154 3175 2210 quo
3195 2139 3467 2196 Maximus
3499 2140 3756 2197 invadam

2165 2225 2479 2298 imperium,
2511 2228 2652 2283 infra
2686 2230 2828 2285 duos
2854 2245 3075 2286 menses
3109 2244 3141 2285 a
3169 2230 3437 2286 militibus
3462 2231 3752 2297 occiditur;

2164 2327 2290 2390 post
2338 2335 2502 2390 quem
2548 2320 2741 2377 Avitus
2789 2321 3025 2392 sumpsit
3071 2321 3387 2392 imperium.
3435 2320 3569 2392 Ipso
3615 2338 3754 2378 anno

2165 2411 2477 2468 Geisericus
2527 2427 2622 2468 rex
2668 2411 3061 2469 wandalorum
3109 2412 3339 2469 Romam
3385 2414 3607 2471 eunetis
3641 2414 3754 2485 opi-

2165 2504 2271 2564 bu’s
2327 2505 2584 2575 expoliat.
2642 2503 2762 2559 lluc
2815 2519 2992 2575 usque
3043 2504 3284 2576 Prosper
3334 2507 3604 2563 chronica
3656 2488 3753 2562 sua

2164 2596 2456 2668 perduxit,
2507 2597 2599 2667 qui
2645 2606 2696 2650 et
2741 2596 3024 2667 epistoiam
3074 2596 3268 2663 Leonis
3317 2614 3476 2669 papa
3526 2599 3595 2653 de
3638 2614 3752 2653 cera

2162 2687 2382 2743 Domini
2415 2687 2785 2743 incarnatione
2814 2696 3000 2744 contra
3039 2686 3304 2745 Euthicen
3339 2688 3585 2744 creditur
3611 2704 3752 2744 com-

2164 2782 2419 2852 posuisse.

2235 2873 2362 2928 455.
2389 2872 2894 2944 Avitus'imperium
2914 2873 3206 2930 Placentia:
3221 2873 3497 2946 deposuit.
3518 2873 3630 2931 Pro
3646 2890 3753 2946 quo

2165 2961 2501 3034 Majorianus
2532 2965 2780 3036 regnavit
2807 2966 2968 3022 annis
3003 2967 3058 3021 4.

2230 3055 2359 3111 456.
2389 3054 2694 3112 Martiattus
2719 3056 3017 3133 imperator
3041 3057 3271 3114 orientis
3299 3058 3476 3125 obiit;
3510 3072 3615 3128 pro
3647 3070 3753 3129 quo

2163 3147 2276 3204 Leo
2320 3149 2615 3218 imperator
2643 3151 2805 3205 annis
2842 3151 2911 3182 ¹⁵¹
2952 3149 3021 3204 l7
3061 3158 3272 3221 regnat.
3323 3150 3408 3205 Ab
3456 3151 3566 3206 hoc
3613 3165 3756 3205 anno

2169 3238 2438 3296 Victorius
2465 3242 2750 3311 paschales
2778 3243 2959 3313 cyclos
2981 3283 2996 3309 ,
3042 3251 3127 3298 set
3164 3257 3353 3299 errore
3393 3243 3590 3313 plenos
3614 3285 3630 3310 ,
3668 3243 3753 3297 in—

2161 3330 2347 3398 choat,
2370 3332 2596 3403 jubente
2621 3348 2759 3404 papa
2787 3333 3029 3406 Hylario.

2232 3424 2360 3480 457.
2391 3423 2727 3494 Maiorianus
2756 3424 3053 3494 imperator
3077 3425 3379 3481 occidentis
3408 3425 3467 3480 in
3496 3426 3755 3483 Africam

2162 3524 2352 3571 contra
2379 3513 2679 3571 Wandalos
2702 3516 2871 3571 movit
2901 3516 3264 3585 procinctum.

2232 3606 2357 3661 460.
2388 3605 2726 3677 Major-ianus
2774 3608 3072 3679 imperator
3111 3624 3143 3663 a
3180 3608 3475 3665 Richmcre
3521 3610 3753 3680 patricio

2161 3700 2535 3756 fraudulenter
2560 3700 2867 3771 perimitur.

2190 3784 2191 3787 “
2231 3791 2356 3847 461.
2391 3791 2627 3847 Severus
2657 3790 2932 3847 Ravennae
2959 3806 2991 3848 a
3018 3790 3306 3848 Richmere
3331 3790 3644 3862 imperator
3662 3791 3749 3848 ef-

2160 3882 2377 3950 fectus,
2441 3890 2680 3954 quatuor
2725 3882 2888 3938 annis
2940 3883 3203 3954 regnavit.
3261 3881 3507 3939 Turonis
3561 3884 3748 3939 beatus

2160 3973 2464 4046 Perpetuus
2496 3975 2787 4046 episcopus
2813 3973 2993 4031 factus
3016 4016 3032 4043 ,
3081 3989 3283 4046 corpus
3313 3975 3495 4031 sancti
3532 3975 3747 4032 Martini

2158 4065 2458 4120 transtulit.
2926 4081 2931 4085 '

2229 4157 2355 4213 462.
2390 4156 2578 4213 Romae
2610 4156 2865 4230 Hylarius
2887 4199 2903 4225 ,
2941 4173 3082 4229 papa
3115 4158 3269 4226 480',
3297 4158 3441 4215 sedit
3477 4160 3642 4216 annis
3674 4159 3743 4228 6,

2158 4249 2445 4305 mensibus
2481 4249 2533 4305 5.
2568 4248 2673 4317 Qui
2703 4250 2923 4307 hereses
2952 4248 3335 4306 Euthicianam
3368 4260 3431 4306 et
3458 4250 3744 4308 Nestor-ia-

464 4346 738 4403 xandrino
760 4346 1044 4417 episeopo,
1062 4345 1410 4401 resistentem
1434 4340 1537 4399 sibi
1561 4341 1885 4398 Flavianum
1911 4342 2057 4398 Con—
2088 4350 2133 4405 Ι)
2158 4355 2287 4396 nam
2338 4340 2654 4408 damnavit,
2689 4349 2746 4397 et
2773 4341 2917 4396 inter
2943 4340 3051 4396 alia
3081 4341 3227 4396 bona
3256 4342 3425 4397 etiam
3472 4342 3618 4398 duas
3663 4343 3744 4398 hi—

463 4438 1016 4508 stantinopolitanum
1064 4435 1540 4507 archiepiscopum
1566 4475 1582 4502 ,
1618 4434 1949 4505 expulsum,
1986 4434 2055 4492 ad

462 4537 699 4586 mortem
734 4522 913 4600 usque
940 4537 1365 4600 persequuntur.
1393 4525 1602 4583 Contra
1624 4541 1790 4598 quam
1812 4526 2052 4584 heresim

465 4616 579 4679 Leo
607 4610 747 4692 papa
779 4622 991 4694 legatos
1022 4619 1190 4675 misit.
1304 4652 1309 4655 »

534 4711 667 4767 448.
702 4710 1048 4769 Theodosius
1101 4711 1400 4782 imperator
1434 4707 1671 4766 Leonem
1716 4724 1914 4780 papam
1949 4725 2050 4781 pro

464 4802 783 4861 defensione
810 4800 1154 4877 'Euthicetis.
1178 4802 1248 4858 ad
1293 4816 1355 4859 se
1405 4810 1584 4857 vocat.
1637 4799 1743 4868 Qui
1778 4816 1813 4856 a
1848 4801 2047 4872 populo

402 4944 405 4947 ,
464 4892 717 4953 Romano
740 4896 929 4955 venire
956 4894 1286 4966 prohibitus,
1319 4892 1524 4964 legatos
1552 4908 1651 4964 pro
1680 4908 1739 4948 se
1765 4893 1935 4948 misit.

2158 4433 2458 4488 bliothecas
2488 4432 2555 4465 ¹⁸⁸
2583 4433 2639 4487 in
2678 4430 2822 4489 Urbe
2849 4432 3110 4501 condidit,
3153 4432 3221 4469 '“
3264 4443 3317 4488 et
3350 4450 3445 4488 sca:
3488 4434 3741 4505 synodica

2156 4522 2394 4593 capitula
2421 4521 2715 4578 constituit.

2224 4614 2353 4670 465.
2392 4613 2508 4669 Rex
2540 4612 2843 4668 Alanorum
2876 4610 3084 4669 Italiam
3108 4622 3324 4684 petens,
3362 4615 3509 4684 apud
3530 4613 3735 4685 Perga-

2155 4720 2307 4763 mum
2337 4721 2369 4762 a
2403 4705 2694 4773 Richmcre
2711 4705 2940 4777 patricio
2963 4720 3140 4778 pugna
3173 4707 3352 4762 victus
3380 4706 3609 4761 interiit.

2227 4798 2353 4855 464.
2393 4796 2630 4854 Severus
2652 4797 3010 4868 impererator
3036 4796 3247 4866 fraude,
3285 4806 3344 4852 ut
3368 4797 3548 4864 aiunt,
3572 4796 3735 4852 Rich—

2153 4889 2320 4947 meris
2348 4892 2561 4945 veneno
2580 4886 2759 4959 periit.

1748 5002 1985 5059 VARUS
2022 4998 2425 5059 LECTIONES.
