3996 5474
284 283 426 340 1525
471 345 490 362 ,

1163 272 1448 329 APPEND.
1486 269 1572 327 IIl.
1614 300 1684 310 —-
1720 259 2158 326 MONUMENTA
2190 263 2652 324 GRECORIANA.

3405 265 3542 324 1526

337 391 591 450 466.ιθο
609 391 906 462 imperator
920 387 1271 444 Anthemium
1296 388 1362 442 de
1377 385 1852 455 Constantinopoli
1885 388 1928 444 Α
1955 382 2190 440 Zenonis
2224 383 2442 452 augusti
2471 381 2683 436 Italiam
2716 378 2890 451 petiit.
2932 377 3034 436 Cui
3065 376 3310 438 Odoacer
3343 397 3540 439 oecur-

279 482 347 537 ad
367 480 662 550 regendum
687 475 985 533 occidentis
1008 475 1297 544 imperium
1319 472 1550 528 Romam
1573 471 1742 540 misit,
1767 470 1862 541 qui

280 567 528 641 regnavit
554 567 714 623 annis
747 567 799 621 5.

1962 490 2110 541 rens,
2134 475 2274 529 bello
2300 473 2562 539 conﬂixit,
2601 481 2686 528 set
2714 472 2894 529 victus
2927 471 3159 543 aufugit.

2031 565 2157 621 489.
2209 565 2578 620 Theodericus
2625 561 2932 619 Odoacrum
2975 565 3090 634 jam
3120 562 3294 620 tercio
3320 563 3540 633 devicit,

351 659 475 714 467.
517 655 731 712 Tolosa:
763 654 856 710 ubi
908 654 1066 710 sedes
1095 651 1248 724 regni
1281 650 1587 706 Gothorum
1633 657 1772 717 erat,
1804 647 1861 704 in
1959 670 2195 725 cumque
2217 655 2462 726 fugatum
2489 653 2759 710 Ravennae
2788 655 3020 710 obsedit.

281 751 461 807 medio
483 749 720 805 civitatis
746 747 970 819 sanguis
995 761 1026 800 e
1048 754 1192 801 terra
1220 758 1605 814 prorumpens,
1636 751 1750 798 tota
1773 742 1862 798 die

276 859 390 898 una
419 841 699 912 proﬂuxit.

351 933 476 987 468.
532 930 861 985 Arabundus
903 927 1196 998 imperium
1229 934 1523 995 temptans,
1560 924 1717 993 jussu
1745 922 1861 976 An-

275 1023 472 1082 themii
507 1021 852 1092 imperatoris
873 1019 1036 1074 exilio
1065 1019 1401 1089 deportatur.
1428 1017 1616 1070 Romae
1650 1013 1865 1084 Simpli-

277 1117 418 1184 cius,
445 1132 585 1188 papa
611 1115 763 1182 49³³,
797 1113 938 1170 sedit
965 1112 1124 1168 annis
1162 1112 1250 1178 l5,
1285 1110 1567 1166 mensibus
1602 1109 1656 1175 ὅ,
1681 1107 1750 1140 ¹⁸⁸
1765 1107 1861 1177 qui

275 1208 384 1262 duo
413 1208 624 1260 decreta
654 1203 1025 1274 promulgavit.

350 1299 475 1354 469.
500 1297 781 1352 Romanus
806 1295 1072 1366 patricius
1098 1293 1387 1349 imperium
1425 1292 1723 1360 adeetans,
1764 1291 1862 1348 de~

273 1391 528 1447 collatur.
1245 1411 1250 1416 -

351 1481 475 1536 470.
499 1479 562 1534 In
578 1479 755 1536 Gallia
783 1487 1008 1535 sanctus
1032 1476 1334 1548 Remigius,
1354 1475 1546 1532 celitus
1572 1483 1864 1546 antequam

277 1579 596 1626 nasceretur
621 1571 1049 1640 praenunciatus,
1075 1581 1110 1623 ι
1139 1568 1273 1624 cella
1297 1566 1352 1621 in
1373 1581 1540 1637 quam
1571 1581 1630 1621 se
1686 1566 1867 1620 adole-

278 1661 560 1717 scentulus
603 1658 716 1714 Deo
769 1658 1013 1715 militans
1063 1659 1389 1724 incluserat,
1426 1657 1479 1711 vi
1527 1657 1866 1723 abstractus,

280 1749 581 1805 Remorum
617 1749 1064 1819 archiepiscopus
1089 1748 1152 1802 flt
1179 1747 1267 1800 ⁸⁸⁸.

349 1841 473 1896 471.
489 1839 1108 1895 RichmerAnthemium
1125 1839 1506 1906 imperatorem
1519 1851 1646 1891 cum
1667 1844 1866 1906 magna

275 1932 432 1988 clade
459 1931 613 1987 urbis
641 1931 828 1985 Romae
852 1931 1068 1996 occidit,
1095 1937 1148 1984 et
1176 1928 1456 2000 Olybrium
1477 1929 1865 1998 imperatorem

278 2022 584 2087 constituit,
614 2021 840 2091 ipseque
866 2019 1045 2090 periit.

350 2112 475 2166 472.
512 2110 784 2164 Ravennae
819 2109 1087 2165 Glicerius
1117 2109 1351 2179 sumpsit
1385 2108 1694 2178 imperium.
1723 2106 1892 2162 Con-2‘

277 2197 632 2268 stantinopoli
687 2198 799 2253 Leo
849 2197 1089 2254 Leonem
1144 2206 1454 2253 consortem
1511 2198 1663 2267 regni
1719 2196 1866 2265 fecit,

275 2289 480 2358 quippe
505 2303 667 2343 suum
697 2295 973 2358 nepotem.

350 2379 474 2434 475.
505 2378 617 2434 Leo
650 2380 833 2434 senior
867 2381 1166 2450 imperator
1192 2381 1358 2445 obiit;
1407 2387 1535 2449 post
1561 2392 1726 2448 quem
1758 2375 1869 2432 Leo

279 2471 466 2540 iunior
508 2472 700 2540 paucis
751 2472 1035 2526 mensibus
1065 2487 1326 2540 regnans,
1360 2479 1416 2524 et
1465 2470 1582 2538 ipse
1611 2468 1865 2522 moritur.

279 2561 416 2617 Post
439 2563 587 2616 hunc
615 2561 764 2616 Zeno
783 2561 1081 2631 imperator
1105 2561 1354 2628 regnavit
1379 2560 1540 2615 annis
1563 2559 1648 2613 17.
1681 2545 1871 2614 Romae

277 2653 518 2710 Glieerio
547 2653 816 2708 successit
842 2651 1021 2722 Nepos
1059 2653 1115 2706 in
1148 2654 1396 2720 imperio.

353 2745 478 2800 474.
512 2742 734 2800 Orestes
764 2744 1028 2814 patricius
1063 2741 1326 2813 Nepotem
1372 2743 1761 2811 imperatorem
1780 2737 1872 2794 fu-

282 2835 449 2904 gavit,
486 2834 707 2904 ﬁlioque
739 2849 840 2888 suo
870 2832 1173 2903 Augustulo
1195 2831 1482 2900 imperium
1512 2829 1677 2885 dedit.

355 2924 480 2980 475.
515 2922 760 2979 Odoacer
808 2940 908 2978 rex
950 2923 1388 2994 Torcilingorum
1443 2930 1500 2976 et
1545 2920 1828 2992 Rugorum
1853 2961 1869 2987 ,

284 3030 515 3086 pervasa
553 3015 736 3084 Italia,
775 3016 1008 3072 Romam
1033 3015 1299 3082 obtinuit;
1337 3030 1482 3070 anno
1510 3030 1540 3068 a
1563 3013 1872 3069 conditione

277 3107 408 3175 ejus
457 3106 639 3173 125οκ
671 3105 919 3161 Orestem
967 3115 1022 3161 et
1063 3105 1290 3160 Paulum
1345 3104 1606 3175 patricios
1654 3103 1872 3169 occidit,

284 3197 653 3268 Augustulum
687 3198 1072 3266 imperatorem
1091 3197 1258 3250 exilio
1283 3194 1582 3250 damnavit.

359 3287 484 3343 476.
518 3285 761 3341 Odoacer
797 3285 986 3340 Roma:
1022 3285 1195 3339 invito
1225 3283 1444 3338 Zenone
1467 3290 1676 3354 regnat.

359 3379 485 3434 478.
535 3378 802 3448 Tempore
837 3377 1076 3432 Zenonis
1124 3376 1470 3446 imperatoris
1499 3389 1702 3444 corpus
1744 3373 1878 3427 Bar-

287 3472 449 3527 nabas
494 3471 758 3541 apostoli,
802 3478 859 3524 et
875 3469 1226 3539 evangelium
1275 3466 1477 3521 Mathei
1532 3465 1878 3536 evangelista:

291 3565 419 3620 stilo
451 3563 624 3633 ipsius
655 3562 945 3631 scriptum,
981 3560 1103 3630 ipso
1139 3559 1413 3614 revelante
1443 3557 1663 3614 inventa
1691 3565 1838 3613 sunt.

363 3656 491 3710 479.
531 3653 846 3724 Simplicius
880 3668 1020 3722 papa
1052 3652 1278 3708 Petrum
1309 3650 1741 3717 Alexandrinum
1765 3649 1880 3719 epi-

294 3761 547 3816 scopum,
565 3745 864 3800 hereticum
879 3744 1288 3810 Euthicianum,
1311 3743 1382 3798 ab
1400 3743 1591 3798 Acatio
1610 3741 1881 3797 Constan-

287 3841 658 3910 tinopolitano
688 3849 1006 3895 accusatum
1043 3839 1286 3896 damnat.

367 3931 493 3986 480.
530 3930 800 3986 llilderico
831 3931 945 4001 regi
981 3930 1316 3984 Francorum
1350 3935 1588 3990 mortuo,
1616 3925 1882 3982 successit

297 4022 664 4078 Loudowicus
691 4023 836 4078 ﬁlius
863 4022 1004 4092 ejus,
1037 4035 1201 4091 quem
1231 4020 1420 4076 dicunt
1447 4017 1802 4083 Clodoveum,
1827 4025 1884 4073 et

296 4114 548 4186 regnavit
573 4114 642 4168 50
680 4115 860 4168 annis.

371 4205 497 4260 482.
527 4204 894 4261 Theodericus
919 4203 1250 4260 Theodmari
1279 4202 1446 4268 ﬁlius,
1491 4217 1588 4257 rex
1618 4200 1883 4272 Ostrogo-

265 4298 560 4365 thorum,
599 4297 654 4353 id
699 4305 784 4353 est
812 4291 878 4329 “7
911 4296 1006 4366 qui
1034 4297 1164 4352 olim
1201 4297 1257 4350 in
1305 4295 1461 4350 Italia
1508 4303 1887 4349 remanserant

299 4389 631 4457 Gothorum,
672 4389 876 4444 Zenoni
901 4397 1133 4459 augusto
1175 4386 1464 4442 familiaris
1515 4385 1583 4418 ¹⁵⁸
1634 4385 1882 4453 ell‘ectus,

296 4498 432 4539 cum
458 4481 574 4537 suis
596 4481 647 4536 ei
675 4479 870 4536 Gothis
902 4480 1172 4535 militavit.

376 4574 503 4628 485.
532 4572 681 4627 Zeno
703 4580 967 4640 angustus
989 4570 1385 4626 Theodericum
1415 4570 1580 4639 hujus
1613 4569 1743 4624 anni
1765 4584 1892 4624 con-

299 4665 484 4719 sulem
535 4672 590 4718 et
644 4662 969 4732 magistrum
1021 4660 1256 4714 militum
1303 4658 1449 4714 fecit.
1515 4657 1702 4713 Romae
1739 4657 1888 4712 Felix

302 4757 532 4822 tercius,
559 4771 698 4826 papa
728 4754 878 4820 50“,
904 4754 1044 4809 sedit
1066 4753 1226 4807 annis
1246 4750 1360 4806 fere
1384 4751 1438 4817 9,
1463 4751 1532 4788 ¹⁶⁹
1551 4760 1602 4804 et
1629 4767 1891 4806 canonum

304 4863 476 4902 unum
504 4846 798 4917 capitulum
827 4846 895 4878 “°
927 4844 1224 4898 constituit.

381 4939 506 4996 485.
545 4937 662 4994 Hoc
696 4945 936 5008 tempore
988 4935 1212 4990 Acatius
1245 4933 1892 5002 Constantinopolitanus

305 5031 493 5087 heresi
519 5030 729 5094 favens,
761 5027 982 5084 Petrum
1006 5025 1430 5082 Alexandriam
1470 5034 1712 5093 revocat,
1737 5041 1892 5099 quem

310 5122 382 5154 “'
407 5122 674 5194 quondam
700 5120 761 5152 ¹⁶¹
789 5119 1072 5175 accusabat
1096 5119 1178 5171 ‘3‘.
1205 5115 1323 5184 Quo
1343 5113 1554 5182 audito,
1584 5115 1733 5174 Felix
1755 5132 1893 5191 papa

379 5228 616 5240 ...ι-νιηειη
638 5226 759 5240 (suam
797 5211 1119 5240 διιηι-Αηῖιιιιιι
1153 5206 1354 5240 ΛκηΛιιῖο
1379 5206 1709 5240 nandum-usa

2031 746 2157 802 490.
2182 745 2426 801 Odoacer
2449 753 2647 816 quarto
2689 745 2987 816 conﬂigens
3025 761 3151 801 cum
3180 745 3541 815 Theoderico,

1966 839 2140 894 vietus
2163 846 2248 892 est
2279 846 2334 892 et
2363 845 2576 907 captus.
2611 836 3078 907 Constantinopoli
3106 837 3290 893 Zenon
3312 836 3550 909 impera-

1963 936 2052 982 tor
2081 928 2330 983 moritur.
2344 927 2476 983 Post
2495 943 2658 998 quem
2671 928 2996 984 Anastasius
3017 929 3307 999 imperium
3320 930 3550 986 orientis

1965 1019 2036 1073 28
2066 1019 2228 1074 annis
2264 1019 2424 1073 rexit.
3517 1035 3524 1068 ξ

2036 1113 2161 1169 491.
2210 1112 2396 1169 Romae
2439 1111 2698 1168 defuncto
2742 1111 2920 1168 Felice
2956 1127 3130 1185 papa,
3185 1113 3481 1170 concilium
3513 1126 3550 1168 α

1964 1203 2283 1276 presbiteris
2306 1214 2358 1259 et
2387 1204 2708 1259 diaeonibus
2735 1205 2931 1275 agitur.

2035 1298 2161 1354 492.
2199 1297 2568 1354 Theodericus
2615 1297 2889 1353 Ravennae
2931 1297 3239 1354 Odoacrum
3281 1296 3386 1354 sibi
3414 1297 3553 1354 insi-

1966 1391 2208 1446 diantem
2253 1390 2516 1459 peremit,
2553 1397 2608 1444 et
2657 1389 2773 1458 ipse
2807 1388 3106 1444 occidentis
3149 1389 3439 1457 imperium
3481 1386 3552 1442 50

1967 1481 2126 1536 annis
2174 1480 2429 1535 obtinuit.
2472 1479 2664 1534 Romae
2709 1477 2992 1543 Gelasiu‘s,
3046 1493 3182 1548 papa
3209 1479 3363 1544 51“,
3406 1477 3556 1534 sedit

1967 1585 2142 1626 annos
2189 1571 2244 1636 4,
2286 1585 2504 1626 menses
2537 1569 2588 1635 7,
2624 1570 2711 1624 vir
2739 1569 2934 1624 doctus
2964 1577 3020 1624 et
3046 1570 3199 1639 pius;
3236 1570 3332 1639 qui
3359 1583 3554 1624 omnes

1971 1660 2042 1693 ¹⁸¹
2084 1661 2356 1717 hereticos
2397 1660 2708 1727 damnavit,
2769 1661 2976 1715 clerum
3025 1659 3334 1715 Romanum
3375 1660 3558 1728 auxit,

1898 1733 1940 1787 Β
1967 1752 2140 1808 multa
2172 1753 2390 1807 decreta
2421 1751 2573 1811 fecit.
2604 1751 2661 1803 id
2695 1751 2762 1783 ¹⁶³
2784 1761 2860 1804 est
2887 1751 3125 1808 caui!qu
3147 1751 3237 1806 28.

2041 1845 2168 1900 495.
2202 1843 2317 1901 lloc
2347 1853 2593 1914 tempore
2625 1835 2705 1912 'in
2756 1842 2955 1897 All‘rica
2990 1843 3181 1898 beatus
3217 1837 3560 1913 Fulgentius,

1971 1933 2274 2006 Ruspensis
2296 1935 2606 2007 episcopus,
2632 1935 2827 1989 claruit
2850 1935 3097 1990 doctrina
3125 1942 3179 1988 et
3213 1933 3447 1988 actibus.

2039 2027 2526 2108 ‘94..Ludowicus
2552 2039 2645 2080 rex
2670 2024 3006 2080 Francorum
3042 2025 3376 2078 Alemannos
3417 2021 3562 2108 bello

1967 2118 2120 2186 vicit,
2153 2105 2263 2174 Deo
2285 2118 2530 2189 juvante,
2555 2117 2666 2182 cui,
2701 2131 2826 2171 cum
2854 2116 2909 2170 in
2942 2116 3135 2172 eodem
3171 2115 3313 2170 bello
3333 2105 3560 2184 pericli-

1969 2219 2200 2276 taretur,
2226 2225 2288 2266 se
2309 2209 2645 2264 crediturum
2672 2206 2944 2278 promisit.

2041 2301 2166 2357 495.
2218 2300 2546 2356 Ludowicus
2582 2313 2680 2354 seu
2729 2297 3035 2353 Clodoveus
3063 2311 3158 2351 rex
3199 2294 3565 2364 Francorum,

1971 2392 2211 2448 instante
2251 2391 2520 2447 Rodhilde
2568 2382 2801 2460 conjuge
2831 2403 2932 2444 sua
2959 2388 3285 2454 christiana,
3311 2403 3342 2442 a
3371 2396 3568 2443 sancto

1971 2483 2222 2556 Remigio
2237 2479 2494 2538 Remensi
2512 2479 2927 2552 archiepiscopo
2950 2479 3054 2534 fide
3071 2479 3276 2535 Christi
3299 2479 3567 2547 imbutus,

1970 2591 2101 2631 eum
2127 2582 2286 2646 gente
2324 2588 2423 2629 sua
2451 2571 2778 2642 baptizatur.
2810 2577 2812 2580 '
3473 2583 3476 2586 ·

2043 2665 2170 2721 496.
2212 2663 2627 2718 Trasamundus
2675 2677 2770 2716 rex
2819 2660 3215 2715 Wandalorum
3251 2659 3309 2716 in
3343 2655 3568 2728 Africa,

1974 2756 2261 2812 catholicis
2283 2754 2543 2820 infestus,
2563 2751 2813 2808 melesias
2828 2751 3050 2816 clausit,
3069 2759 3124 2806 et
3145 2749 3254 2806 240
3277 2751 3569 2822 episcopos

1972 2851 2029 2906 in
2067 2846 2321 2901 Sardinia
2346 2845 2511 2900 exilio
2534 2843 2749 2898 afﬂixit.

2043 2937 2167 2992 497.
2199 2936 2423 2992 Boetius
2452 2933 2717 3006 patricius
2742 2941 2795 2989 et
2817 2933 3010 2989 consul
3045 2932 3217 2988 multa
3249 2932 3336 2989 his
3356 2940 3574 3005 tempo-

1976 3029 2131 3084 ribus
2162 3026 2367 3099 ingenii
2393 3026 2479 3082 sui
2507 3025 2925 3081 monimenta-in
2958 3024 3192 3080 seculari
3229 3025 3574 3096 philosophia

1975 3119 2306 3176 excellenter
2353 3117 2540 3173 edidit.
2598 3115 2790 3171 Romae
2837 3116 3165 3172 Anastasius
3187 3157 3201 3182 ,
3233 3130 3376 3186 papa
3419 3117 3572 3186 52“,

1980 3209 2122 3267 sedit
2154 3210 2318 3265 annis
2343 3207 2462 3265 fere
2501 3207 2738 3277 duobus,
2775 3215 2824 3261 et
2850 3207 2919 3240 ⁸⁸⁵
2939 3207 3184 3277 capitula
3221 3207 3255 3261 8
3283 3207 3576 3263 decretalia

1981 3301 2130 3372 fecit.

2049 3392 2174 3448 498.
2241 3387 2450 3458 Isauri,
2493 3389 2676 3447 occiso
2716 3386 2932 3461 Lilingo
2980 3391 3120 3446 duce
3163 3403 3286 3458 suo,
3332 3389 3403 3446 ab
3423 3389 3576 3445 Ana-

1979 3484 2150 3541 stasio
2180 3482 2504 3553 imperatore
2535 3481 2897 3536 trucidantur.
3530 3484 3532 3487 '

2050 3574 2173 3631 499.
2208 3573 2586 3631 Theodericus
2615 3587 2710 3628 rex
2759 3571 2950 3628 Romae
3002 3579 3058 3628 et
3107 3570 3244 3628 alibi
3270 3571 3444 3628 multa
3478 3587 3578 3643 per

1981 3667 2099 3723 haec
2158 3672 2401 3736 tempora
2448 3665 2680 3720 miriﬁca
2724 3664 3033 3720 construxit
3080 3664 3334 3720 aediﬁcia.
3387 3663 3578 3720 Romae

1985 3755 2355 3822 Simmachus,
2403 3770 2545 3826 papa
2598 3752 2752 3822 55*",
2782 3755 2924 3810 sedit
2964 3755 3132 3810 annis
3177 3756 3269 3823 15,
3293 3756 3581 3812 mensibus

1983 3846 2098 3904 fere
2143 3849 2198 3902 8.
2243 3848 2384 3902 Cum
2416 3861 2530 3917 quo
2573 3845 2741 3901 simul
2775 3851 2874 3916 per
2905 3845 3305 3902 dissensionem
3347 3845 3579 3901 nimiam

1985 3940 2270 3996 ordinatur
2299 3937 2652 4002 Laurentius,
2679 3945 2734 3992 et
2769 3951 2966 4006 magna
2993 3934 3184 3991 Romae
3205 3937 3347 3991 inter
3365 3936 3580 3991 clerum

1981 4042 2040 4087 et
2055 4031 2314 4102 populum
2339 4027 2612 4084 discordia
2641 4024 2808 4093 facta,
2829 4026 3004 4082 donec
3021 4025 3230 4096 judicio
3248 4022 3578 4082 Theoderici

1985 4125 2131 4196 regis
2157 4117 2521 4195 Symmachus
2543 4121 2600 4175 in
2627 4119 2758 4175 sede
2791 4117 3236 4176 conﬁrmaretur.
3272 4114 3379 4172 Hic
3413 4115 3580 4172 ⁸⁸⁸15

1985 4213 2224 4285 capitula
2251 4211 2505 4284 synodica
2533 4211 2830 4267 constituit.
3110 4218 3118 4224 ‘

2060 4303 2183 4361 500.
2210 4300 2560 4358 Simmachus
2578 4315 2718 4371 papa
2741 4300 2938 4356 sinodo
2955 4297 3145 4356 Rome
3166 4305 3307 4364 acta,
3333 4292 3585 4354 Lauren—

1917 4427 1965 4484 D
1991 4398 2128 4453 tium
2159 4396 2403 4451 emulum
2435 4408 2597 4448 suum
2632 4390 2880 4455 Nuceriae
2901 4392 3178 4447 ordinavit
3203 4390 3543 4461 epiSchum.

2063 4489 2187 4544 50L
2213 4484 2589 4542 Theodericus
2606 4495 2702 4538 rex
2724 4483 3108 4554 aquaeductum
3134 4483 3409 4539 Ravenna:
3431 4480 3581 4538 fecit.

1993 4580 2089 4635 His
2113 4579 2447 4649 temporibus
2464 4585 2690 4632 sanctus
2721 4575 3023 4632 Mamertus
3036 4575 3368 4632 Viennensis
3410 4575 3588 4631 archi-

1987 4670 2284 4741 episcOpus
2301 4667 2596 4724 virtutibus
2630 4667 2848 4733 claruit,
2881 4664 2978 4735 qui
3008 4675 3233 4736 prnpter
3249 4664 3503 4734 luporum
3532 4674 3589 4720 et

1991 4775 2252 4817 ursorum
2306 4757 2711 4814 immanitatem
2755 4758 3004 4825 aliasque
3043 4757 3255 4828 plagas,
3308 4753 3595 4809 triduanas

1992 4858 2119 4906 ante
2131 4848 2509 4905 ascensionem
2532 4843 2754 4902 Domini
2769 4844 3020 4903 laetanias
3039 4847 3258 4917 primus
3277 4842 3594 4907 instituens,

1998 4939 2216 4995 Domini
2285 4935 2720 4994 misericordiam
2771 4939 3178 5009 plagarumque
3226 4933 3600 4988 cessationem

1999 5029 2323 5104 promeruit.

2071 5122 2198 5179 505.
2226 5119 2458 5186 Quidam
2479 5131 2544 5171 ex
2569 5115 2838 5194 Romanis
2879 5111 3224 5186 Symachum
3247 5125 3442 5182 papam
3468 5109 3610 5166 falso

2403 5214 2451 5240 Δ.
2471 5209 2614 5240 ειη-ιιι
2641 5223 2821 5240 uanam
2847 5217 3182 5240 σιοοιιααηιαιξ
3229 5199 3616 5240 [aur-nntium-

2009 5215 2363 5240 ηαῖυκξιηλοιδηβ
