3996 5474
464 298 614 361 ηςη

1451 295 1544 357 ΔΒ
1576 243 1805 353 OPEliA
1842 292 1901 348 S.
1941 284 2267 347 GREGORll
2306 280 2749 339 APPENDICES.
2814 306 2817 309 ν

3591 272 3723 331 1338

472 417 673 479 Petrus
700 420 897 476 Altinae
908 414 1070 474 urbis
1090 415 1399 486 episcopus,
1425 411 1697 483 permisso
1733 404 2051 464 Theoderici
2080 404 2128 463 Α
2154 399 2306 456 uis8.
2329 398 2434 466 Qui
2460 398 2643 455 statim
2664 393 2908 453 eclesias
2937 391 3029 448 diu
3053 391 3270 486 clausas
3288 370 3524 462 aperuit:
3541 398 3595 446 et
3612 406 3727 447 om-

469 512 652 568 sedem
677 508 1032 580 apostolicam
1056 503 1274 559 invasit.
1438 552 1443 560 .

540 600 665 656 504.
690 596 896 654 Siaodo
914 596 1017 650 115
1036 594 1421 665 episcoporum
1435 592 1683 656 collecta,
1695 589 1889 645 beatus
1903 603 2045 659 papa

473 691 818 748 Simmachus
845 690 911 744 de
935 687 1100 743 illatis
1129 694 1412 757 purgatur,
1438 692 1491 739 et
1513 682 1627 739 sedi
1651 697 1764 739 sum
1790 697 1915 736 eum
1937 681 2049 751 glo.

469 784 553 840 ria
580 782 907 847 restituitur,
948 788 1005 834 et
1048 791 1371 850 pervaseres
1397 775 1543 830 sedis
1569 775 1691 844 ejus
1720 773 2047 828 Laurentius

468 871 772 928 Nucerinus
800 881 862 926 et
883 871 1082 926 Petrus
1102 869 1316 924 Altinae
1341 867 1753 923 condemnatur.

537 963 662 1020 505.
712 963 1042 1027 Ludovvicus
1085 976 1183 1017 rex
1225 960 1566 1023 Francorum
1615 956 1864 1014 Parisios
1903 956 2047 1012 beati

466 1049 920 1111 Petribasilicam
946 1053 1195 1110 mdilicat.
1578 1095 1583 1099 .

539 1144 664 1201 506.
718 1144 1088 1211 Theodericus
1136 1159 1231 1199 rex
1273 1141 1443 1198 Italiae
1482 1149 1673 1197 contra
1712 1141 1954 1196 Francos
1992 1138 2048 1194 in

469 1234 699 1292 Galliam
728 1239 1028 1294 exercitum
1056 1236 1246 1292 movit.

417 1333 423 1339 “
538 1328 665 1386 507.
696 1328 982 1386 Dissensio
1026 1329 1229 1385 iterum
1253 1327 1397 1383 inter
1426 1324 1801 1382 Simmachum
1851 1338 2047 1395 papam

467 1428 522 1477 et
545 1419 820 1478 :eclesiam
846 1419 1046 1474 oritur.

538 1509 663 1566 508.
700 1504 818 1566 Hoc
848 1523 995 1566 anno
1040 1506 1227 1565 Romae
1268 1504 1491 1564 Boetius
1513 1506 1599 1561 vir
1647 1504 2053 1561 eruditissimus

466 1600 818 1657 consulatum
841 1598 1263 1655 administravit.
1287 1596 1404 1653 Hoc
1422 1611 1643 1667 quoque
1665 1603 1908 1665 tempore
1930 1593 2057 1649 Avi-

470 1697 586 1755 tus,
621 1687 793 1745 abbas
831 1686 1278 1754 Aurelianensis,
1321 1684 1615 1741 virtutibus
1654 1692 1712 1739 et
1756 1682 2055 1753 prophetiae

468 1777 667 1849 spiritu
689 1777 872 1835 clarus
901 1764 1122 1835 eﬂ‘ulsit.
1746 1820 1747 1823 η
1858 1834 1863 1841 ,

537 1866 663 1927 509.
715 1867 1063 1935 Ludowieus,
1114 1866 1212 1936 qui
1254 1875 1311 1921 et
1341 1864 1664 1931 Clodoveus,
1707 1858 2045 1921 Francorum

468 1972 599 2024 rex,
628 1956 876 2016 Parisius
903 1958 1067 2025 obiit,
1094 1957 1188 2013 ubi
1223 1957 1407 2015 sedem
1443 1956 1596 2027 regni
1626 1955 1885 2011 instituit.

537 2044 663 2109 510.
702 2042 802 2107 His
828 2048 1165 2120 temporibus
1196 2045 1559 2118 Symmachus
1599 2060 1736 2115 papa
1768 2045 1910 2098 inter
1945 2042 2050 2098 alia

467 2135 613 2197 bona
648 2138 964 2197 Manicheos
996 2139 1054 2194 in
1085 2136 1231 2193 Urbe
1278 2137 1529 2193 inventos
1559 2134 1859 2190 damnavit.
1894 2132 2052 2188 Basi-

470 2227 633 2288 licam
664 2227 841 2288 sancti
883 2230 1031 2287 Petri
1062 2239 1124 2291 ,et
1157 2228 1431 2301 porticum
1455 2240 1729 2282 marmore
1759 2226 1972 2292 stravit,
1998 2231 2055 2279 et

471 2323 577 2379 alia
605 2321 938 2393 hujusmodi.

542 2416 669 2475 515.
728 2414 1091 2471 Cassiodorus
1149 2411 1315 2483 hujus
1345 2410 1474 2467 anni
1522 2409 1719 2466 consul
1779 2408 1912 2475 fuit,
1958 2406 2054 2478 qui

470 2513 659 2576 postea
687 2519 985 2563 conversus
1029 2512 1083 2558 et
1129 2502 1433 2557 monachus
1462 2498 1706 2566 effectus,
1742 2499 2055 2555 coenobium
2146 2540 2149 2545 μ

471 2595 798 2659 construxit,
823 2593 949 2649 etin
971 2591 1206 2647 seculari
1225 2590 1520 2660 divinaque
1539 2590 1843 2656 litteratura
1873 2590 2056 2644 clarus

470 2685 702 2752 eil‘uisit;
739 2684 984 2755 psalmos
1030 2683 1302 2753 exposuit,
1350 2682 1519 2745 libros
1548 2681 1955 2737 institutionum
2002 2688 2058 2735 et

472 2775 733 2833 chronica
762 2773 910 2841 fecit,
950 2782 1006 2830 et
1046 2773 1376 2843 tripartitam
1428 2772 1716 2826 historiam
1763 2771 2052 2826 ordinavit.

474 2861 661 2920 Romae
706 2863 926 2919 tandem
973 2861 1317 2918 dissensione
1354 2869 1635 2927 cessante,
1695 2858 2055 2931 Symmachus

471 2970 613 3027 papa
650 2956 788 3011 obiit
816 2955 873 3009 in
898 2969 1051 3025 pace.
1950 3006 1953 3007 ν

555 3048 683 3104 511.
721 3046 911 3101 Romae
936 3044 1250 3110 Hormisda,
1296 3058 1440 3115 papa
1477 3042 1629 3109 54M,
1655 3041 1795 3098 sedit
1820 3042 1980 3098 annis
2001 3040 2053 3096 8.

471 3137 578 3206 Qui
626 3140 771 3195 inter
813 3139 919 3194 alia
945 3138 1302 3193 Euthicianos
1333 3146 1391 3192 et
1415 3136 1727 3192 Manicheos
1755 3133 2052 3200 damnavit,

470 3227 679 3291 clerum
704 3228 976 3295 erudivit,
1009 3229 1265 3284 basilicas
1296 3227 1619 3293 adornavit,
1654 3228 1719 3261 ³⁸⁸
1747 3236 1797 3281 et
1825 3236 2055 3296 quatuor

472 3318 683 3383 decreta
718 3320 868 3389 fecit.

542 3409 673 3475 515.,
694 3404 1031 3486 Vitalianus,
1053 3407 1283 3477 quidam
1299 3422 1511 3473 servus,
1529 3422 1655 3461 cum
1672 3405 1875 3463 Scithis
1901 3406 2052 3459 Ana-

471 3499 643 3554 stasio
676 3498 990 3568 imperatori
1014 3498 1257 3551 rebellat.

438 3630 445 3637 .
544 3589 669 3643 516.
690 3587 979 3645 Hormisda
1004 3602 1145 3657 papa
1169 3585 1461 3659 Anastasio
1491 3584 1809 3655 imperatori
1831 3599 1928 3654 pro
1951 3582 2055 3638 ﬁde

473 3678 740 3747 catholica
768 3675 1300 3747 Constantinopolim
1329 3676 1537 3748 legatos
1566 3674 1736 3744 misit,
1771 3673 1860 3730 cui
1885 3672 2057 3744 impe-

472 3776 625 3829 rator
650 3769 806 3831 inter
833 3768 942 3824 alia
977 3766 1263 3838 rescripsit
1311 3766 1386 3821 ita
1415 3785 1427 3821 :
1468 3785 1486 3819 ‹
1522 3763 1635 3820 Nos
1670 3765 1862 3837 jubere
1896 3765 2054 3820 volu-

475 3876 622 3930 mus,
653 3876 762 3917 non
794 3860 952 3917 nobis
972 3859 1177 3932 juberi.
1216 3877 1236 3912 ι

544 3953 670 4009 518.
717 3953 1045 4010 Anastasius
1088 3950 1389 4021 imperator
1426 3948 1607 4004 heresi
1653 3945 1842 4005 favens
1864 3943 2055 4003 Euthi-

633 4052 691 4099 et
713 4044 1013 4101 catholicos
1038 4055 1394 4113 persequens,
1413 4039 1555 4095 ictus
1571 4038 1802 4094 fulmine
1824 4040 2052 4105 interiit,

438 4133 650 4207 .mjor
695 4133 1062 4209 octogenario.
1115 4131 1222 4187 Pro
1258 4146 1386 4201 .quo
1435 4127 1707 4200 Justinus,
1760 4131 2056 4203 imperator

474 4221 807 4291 catholicus,
861 4223 1335 4299 Constantinopoli
1387 4225 1638 4296 regnavit
1675 4223 1838 4279 annis
1890 4224 1957 4292 8,
2000 4232 2055 4283 et

466 4331 601 4391 eum
629 4316 902 4372 Vitaliano
950 4325 1182 4389 tyranno
1223 4330 1412 4387 pacem
1451 4314 1609 4384 fecit,
1659 4332 1823 4387 quem
1864 4325 2052 4387 postea

475 4416 656 4464 tamen
689 4409 939 4479 peremit.

540 4499 668 4556 519.
697 4498 948 4557 Justinus
991 4508 1259 4573 augustos
1303 4500 1511 4570 legatos
1554 4496 1855 4573 llormisdte
1896 4515 2050 4571 papae

472 4605 571 4663 pro
595 4590 699 4647 fide
728 4592 929 4647 missos
964 4593 1264 4649 honoriﬁce
1292 4592 1553 4662 suscepit,
1585 4592 1776 4661 eisque
1802 4593 1857 4646 in
1892 4593 2059 4647 dam-'

471 4684 694 4740 natione
716 4684 972 4741 hereseos
993 4684 1363 4750 consentiens,
1387 4684 1557 4738 multa
1585 4699 1680 4754 per
1703 4699 1799 4740 eos
1822 4683 2048 4739 donaria

473 4774 707 4845 Romam
738 4777 908 4853 misit.

539 4867 662 4922 521.
684 4866 935 4937 Justinus
951 4874 1218 4939 angustus
1240 4865 1497 4929 hereticis
1513 4862 1765 4933 infestus,
1788 4865 2046 4922 Arrianos

469 4955 625 5022 etiam
689 4957 1163 5030 Constantinopoli
1226 4959 1591 5028 persequitur.
1669 4955 1822 5012 Unde
1876 4956 2051 5015 iratus

476 5068 499 5114 ι
514 5070 853 5125 nenaencus,
876 5076 972 5115 rex
998 5050 1169 5116 Italia;
1188 5050 1481 5119 Arrianus,
1516 5051 1742 5111 exitium
1766 5050 2049 5109 catholicis

464 5152 520 5190 in
555 5150 707 5190 "alia
737 5150 1023 5190 mihimihi:-

2142 509 2246 549 nes
2284 491 2587 548 catholicos
2611 489 2680 543 de
2712 486 2874 542 exilio
2903 483 3194 540 revocavit.
3727 457 3743 573 ι

2215 584 2341 636 525.
2393 580 2583 636 Romae
2614 578 2913 644 Jobannes,
2961 591 3101 646 papa
3140 574 3295 642 55“,
3324 573 3469 629 salit
3490 572 3651 628 annis
3672 572 3723 638 2,

2146 673 2429 731 mensibus
2472 673 2527 729 9.
2580 670 2685 737 Qui
2729 685 2760 724 a
2812 667 3150 723 Theoderico
3200 664 3725 734 Constantinopolim

2146 766 2371 829 missus,
2401 771 2456 817 et
2474 777 2507 816 a
2539 760 2757 816 Justino
2779 765 3014 829 augusto
3047 763 3103 810 et
3124 754 3336 810 cunctis
3374 754 3589 808 civibus
3629 752 3725 806 ho-

2146 852 2374 910 norifice
2419 856 2725 919 susceptus,
2760 847 2828 900 ad
2875 852 3091 915 portam
3130 857 3253 913 qua:
3296 840 3503 913 dicitur
3530 837 3726 905 Aurea,

2148 952 2340 999 eccum
2372 939 2672 1004 illuminat,
2711 944 2766 992 et
2790 942 3054 992 coronato
3079 947 3112 987 a
3149 946 3209 987 se
3226 936 3463 1000 augusto
3486 926 3728 1005 Justino,

2148 1048 2276 1089 eum
2299 1031 2490 1086 multis
2516 1028 2839 1085 muneribus
2865 1024 3047 1080 rediit.

2221 1120 2347 1175 ΒΞΔ.
2404 1115 2793 1182 Theodericus,
2854 1129 2951 1167 rex
3002 1111 3306 1166 Gothorum
3361 1115 3417 1162 et
3466 1116 3731 1178 tyrannus

2154 1198 2546 1276 Romanorum,
2578 1207 2824 1262 Boetium
2853 1203 3141 1275 patricium
3168 1209 3222 1256 et
3241 1198 3624 1269 phiIOSOphum
3645 1196 3733 1250 diu

2152 1309 2488 1371 carceratum
2542 1298 2770 1365 occidit,
2806 1311 2908 1369 nec
2943 1294 3115 1351 multo
3160 1300 3283 1363 post
3337 1304 3592 1346 socerum
3621 1288 3741 1358 ejus

2155 1390 2529 1447 Simmachum
2561 1390 2851 1460 patricium
2887 1387 3072 1441 itidem
3106 1380 3396 1439 interemit.
3430 1379 3736 1435 Jobannem

2153 1500 2373 1556 quoque
2405 1499 2602 1554 papam
2634 1482 2860 1538 beatum
2899 1477 3137 1535 carceris
3185 1475 3477 1531 alllictione
3501 1472 3737 1538 necavit,

2157 1576 2244 1630 15.
2280 1574 2399 1629 Kal.
2437 1573 2566 1629 Jun.

2228 1666 2352 1722 525.
2393 1663 2762 1734 Theodericus
2802 1671 3067 1735 tyrannus
3098 1667 3224 1730 post
3265 1666 3377 1712 tres
3425 1668 3648 1711 menses
3675 1652 3744 1708 ab

2076 1754 2120 1810 B
2148 1756 2299 1811 obitu
2324 1755 2594 1811 Johannis
2622 1769 2776 1826 papa:
2803 1754 2984 1809 subito
3009 1750 3282 1806 Ravenna
3317 1746 3484 1813 obiit,
3512 1755 3569 1801 et
3603 1745 3745 1809 sicu;

2149 1847 2369 1904 cuidam
2396 1847 2643 1905 solitario
2675 1846 2972 1902 revelatum
3012 1851 3117 1909 est,
3157 1857 3189 1897 a
3214 1837 3465 1896 Johanne
3505 1852 3648 1909 papa
3690 1836 3744 1890 el

2151 1924 2470 1996 Simmacho
2507 1938 2739 2010 patricio
2767 1938 2824 1993 in
2864 1936 3027 1992 ollam
3056 1932 3289 1988 Vulcani
3345 1930 3597 1995 deiectus
3638 1936 3739 1984 est.

2150 2034 2284 2091 Post
2312 2049 2474 2105 quem
2504 2047 2674 2103 nepos
2715 2031 2837 2101 ejus
2866 2027 3215 2084 Athalaricus
3240 2039 3378 2096 puer
3414 2037 3542 2078 cum
3570 2032 3743 2075 matre

2142 2124 2401 2197 regnavit
2428 2123 2589 2178 annis
2615 2121 2670 2177 8.
2701 2119 2901 2182 Romae
2948 2118 3098 2174 Felix
3125 2114 3214 2185 Ν,
3246 2128 3388 2187 papa
3419 2112 3578 2181 56'",
3606 2111 3746 2168 sedit

2153 2217 2314 2273 annis
2354 2215 2409 2283 4,
2446 2214 2734 2270 mensibus
2764 2212 2822 2267 ‘2.
3380 2219 3387 2226 ·

2224 2308 2349 2365 5Ξ6.
2372 2304 2843 2377 Constantinopoli
2873 2304 3124 2361 Justinus
3147 2301 3440 2371 imperator
3467 2296 3626 2362 obiit,
3646 2309 3741 2377 pro

2156 2415 2268 2473 quo
2296 2398 2642 2455 Justinianus
2666 2410 2837 2468 nepos
2867 2395 2988 2467 ejus
3026 2390 3314 2463 imperavit
3344 2388 3508 2443 annis
3548 2385 3641 2440 58.

2224 2490 2348 2547 527.
2396 2488 2740 2545 Justinianus
2788 2495 3055 2560 angustus
3108 2480 3447 2539 Belesarium
3505 2479 3739 2532 amicum

2154 2598 2318 2640 suum
2347 2581 2652 2653 principem
2686 2579 2904 2637 miliciae
2926 2576 3072 2635 fecit.
3106 2575 3253 2635 Gens
3280 2571 3620 2629 Winilorum
3648 2584 3739 2625 sco

2158 2674 2642 2745 Langobardorum
2674 2687 2798 2744 rege
2821 2669 3048 2727 Odwino
3074 2664 3418 2721 Pannoniam
3439 2661 3673 2726 invasit,
3691 2669 3741 2715 et

2160 2770 2233 2825 ibi
2266 2766 2551 2823 habitavit.

2230 2859 2354 2915 528.
2382 2856 2845 2939 Hisltemportbus
2875 2855 3069 2909 beatus
3099 2851 3268 2907 abbas
3292 2845 3624 2903 Benedictus
3644 2844 3741 2899 im-

2142 2964 2350 3008 ,mensa
2396 2949 2658 3003 virtutum
2711 2945 2885 3016 gloria
2929 2943 3145 2999 claruit.
3170 2940 3492 2996 Priscianus
3532 2950 3744 3009 quoque

2160 3039 2556 3115 grammaticus
2577 3038 2667 3095 his
2691 3036 2796 3093 fuit
2815 3035 3172 3106 temporibus.

2228 3133 2353 3189 550.
2379 3130 2440 3187 la
2450 3130 2653 3186 Atl'rica
2680 3130 2867 3185 occiso
2890 3124 3174 3183 Helderico
3200 3138 3326 3195 rege
3352 3121 3744 3178 Wandalorum

2157 3224 2443 3290 outliolico,
2480 3222 2749 3278 Geilamer
2776 3234 3007 3290 regnum
3038 3216 3331 3281 invadens,
3354 3214 3416 3270 in
3439 3212 3744 3271 Catholicos

2158 3328 2210 3371 et
2255 3316 2309 3369 in
2334 3326 2528 3370 omnes
2562 3312 2917 3368 debachatur.
2945 3307 3133 3364 Romae
3158 3304 3475 3362 Bonifacius
3510 3303 3577 3372 ll,
3608 3320 3743 3375 papa

2134 3406 2308 3473 757"",
2336 3407 2476 3462 sedit
2503 3404 2664 3460 annis
2691 3404 2748 3470 2,
2774 3418 2963 3459 mense
2989 3400 3161 3456 ferme
3191 3399 3240 3453 1.

2226 3498 2349 3554 551.
2380 3496 2693 3553 Bonifacius
2721 3510 2859 3565 papa
2870 3492 3128 3564 Vigiiium
3155 3491 3450 3546 diaconum
3472 3488 3530 3542 in
3558 3486 3747 3542 sinoéo

2155 3598 2281 3661 post
2301 3604 2363 3645 se
2387 3602 2584 3660 papam
2634 3586 2763 3658 eligi
2791 3587 2899 3642 sub
2918 3582 3282 3655 chirographo
3305 3580 3571 3636 decrevit.
3594 3577 3746 3646 Quod

2153 3682 2339 3745 tamen
2382 3687 2570 3752 postea
2591 3719 2608 3749 ,
2669 3678 2801 3750 quia
2846 3684 3041 3733 contra
3085 3687 3326 3731 canones
3373 3678 3498 3727 erat
3518 3712 3536 3739 ,
3592 3674 3743 3726 coni-

2383 3858 2467 3915 ΑΙ)
2504 3859 2614 3915 hoc
2637 3872 2803 3925 anno,
2839 3854 3048 3913 scilicet
3071 3849 3369 3907 Justiniani
3396 3850 3744 3921 imperatoris

2155 3960 2330 4019 sexto,
2365 3947 2648 4009 Dionisius
2679 3947 2964 4003 Romanus
3014 3942 3185 3998 abbas
3214 3941 3435 4013 cyclum
3482 3954 3742 4010 magnum

2154 4043 2467 4117 paschalem
2510 4042 2757 4107 inchoat,
2787 4039 2883 4110 qui
2903 4037 3016 4115 jam
3064 4033 3235 4091 semel
3263 4032 3333 4087 ab
3369 4031 3742 4087 incarnatione

2154 4139 2374 4196 Domini
2412 4138 2470 4193 in
2521 4136 2681 4192 annis
2709 4134 2817 4190 552
2850 4139 3097 4195 exactus,
3123 4126 3352 4189 totidem
3390 4124 3449 4180 in
3481 4139 3545 4180 se
3573 4139 3741 4201 annos

2132 4232 2414 4290 continet.
2441 4227 2629 4284 Romae
2656 4224 2937 4282 Johannes
2960 4220 3024 4289 ll,
3053 4219 3148 4291 qui
3177 4226 3233 4275 et
3250 4215 3586 4283 Mercurius,
3607 4230 3738 4285 papa

2154 4324 2306 4391 58",
2349 4321 2488 4378 sedit
2536 4318 2696 4375 annis
2730 4316 2787 4383 2,
2823 4313 3106 4370 mensibus
3146 4311 3199 4365 4.
3247 4308 3351 4364 Cui
3394 4306 3739 4380 Justiuianus

2154 4422 2421 4487 augustus
2445 4412 2512 4468 de
2533 4410 2638 4467 fide
2665 4424 2765 4465 sua
2794 4408 3003 4463 litteras
3029 4401 3354 4459 transmisit.

2224 4505 2348 4561 555.
2399 4502 2589 4557 Roma:
2638 4506 2858 4554 mortuo
2891 4494 3207 4552 Athalarico
3235 4506 3363 4562 rege
3409 4489 3736 4553 Gothorum,

2154 4593 2517 4651 Amalsuinda‘
2542 4598 2719 4647 mater
2745 4588 2866 4659 ejus
2913 4585 3249 4640 Thcodatum
3296 4582 3353 4635 in
3399 4580 3736 4636 consortium

2154 4686 2306 4759 regni
2353 4684 2551 4751 sumit;
2597 4681 2695 4753 qui
2719 4690 2904 4736 tamen
2936 4692 3059 4735 eam
3102 4684 3224 4746 post
3248 4673 3424 4730 occidi
3447 4673 3638 4742 jussit,
3685 4676 3735 4722 et

2156 4779 2271 4850 ipse
2293 4778 2445 4834 solus
2470 4774 2737 4847 regnavit.
3243 4771 3253 4779 ’

2226 4869 2349 4924 554.
2388 4867 2697 4924 Belesarius
2718 4863 2983 4937 patricius
3025 4878 3054 4916 a
3076 4858 3386 4915 Justiniano
3410 4858 3734 4927 imperatore

2132 4961 2379 5029 missus,
2400 4970 2613 5032 gentem
2635 4957 3030 5014 Wandalorum
3063 4954 3117 5009 in
3146 4951 3348 5007 Aﬂ‘rica
3373 4949 3520 5005 bello
3537 4948 3733 5003 victam

2151 5054 2369 5119 delevit,
2418 5061 2688 5123 captoque
2733 5064 2861 5120 rege
2893 5058 3084 5103 eorum
3120 5043 3452 5109 Geilamero,
3500 5038 3732 5095 Cartha-

2153 5144 2329 5190 oinam
2358 5143 2437 5190 rei
2470 5143 2701 5190 mlhlime
2725 5139 2982 5190 restituit.
