3996 5474
482 429 620 485 1531»

1465 420 1556 476 ΔΙ)
1591 417 1820 476 OPERA
1859 417 1918 472 S.
1957 412 2283 472 GREGOIUI
2320 405 2756 466 APPENDICES.

3602 393 3735 452 1532

484 538 633 608 rum,
667 551 832 610 quam
875 535 1129 592 decessor
1152 532 1272 606 ejus
1297 531 1553 607 Pelagius
1571 540 1812 605 ceperat,
1833 531 2060 604 perfecit
2087 533 2134 590 Α
2159 530 2276 586 celo
2298 529 2352 582 in
2378 537 2579 583 terram
2608 521 2822 579 cecidit.
2867 519 2930 575 In
2956 517 3216 610 Hispania
3257 516 3620 584 Rieharodus,
3641 516 3738 575 Le-

477 637 535 686 et
562 627 850 684 dedicavit.

552 719 677 776 567.
706 716 907 772 Narses
932 715 1215 786 patricius,
1242 717 1337 787 qui
1368 718 1602 772 multum
1635 730 1736 786 pro
1757 730 1816 770 re
1840 715 2058 786 publica

474 809 837 873 laboraverat,
884 822 916 862 a
947 805 1168 867 Justino
1213 817 1445 878 augusto
1503 808 1718 878 injuriis
1746 807 2055 874 lacessitus,

475 897 889 970 Longobardos,
935 897 991 952 in
1032 897 1333 954 Pannoniis
1364 898 1691 962 habitantes,
1727 898 1795 952 ad
1836 907 2058 952 vastan-

475 989 604 1047 dam
636 997 690 1043 et
724 988 1108 1058 possidendam
1150 987 1360 1043 Italiam
1385 989 1652 1044 invitavit.
1683 988 1849 1043 Multa
1871 988 2056 1058 prodi-

473 1079 561 1151 gia
584 1086 640 1132 et
660 1077 930 1147 praecipue
954 1077 1126 1148 ignea!
1148 1078 1296 1133 acies
1318 1077 1375 1132 in
1405 1078 1537 1134 caelo
1570 1078 1701 1133 vise
1727 1087 1874 1134 sunt.

545 1165 672 1222 568.
691 1165 1041 1237 Longobardi
1071 1183 1196 1238 rege
1218 1166 1450 1222 Alboino
1471 1182 1660 1223 mense
1681 1166 1854 1236 Aprili
1887 1165 2057 1222 Vene-

469 1256 604 1314 tiam
657 1256 912 1328 ingressi,
947 1271 1070 1312 eam
1090 1259 1282 1329 paucis
1315 1259 1628 1317 civitatibus
1678 1258 1919 1330 exceptis
1951 1257 2053 1315 sibi

471 1347 794 1418 subjiciunt.

542 1439 667 1494 569.
690 1439 962 1495 Alboinus
987 1455 1083 1495 rex
1109 1456 1235 1496 cum
1262 1439 1636 1512 Longobardis
1663 1440 1940 1512 Liguriam
1963 1440 2052 1495 ln-

467 1529 632 1597 vasit,
655 1529 1024 1589 Mediolanum
1044 1540 1100 1586 et
1121 1531 1256 1588 alias
1278 1532 1566 1603 plerasque
1587 1533 1748 1588 urbes
1773 1533 1934 1602 cepit,
1948 1531 2053 1587 Pa-

468 1620 616 1692 piam
642 1622 766 1692 plus
793 1622 1032 1678 triennio
1060 1623 1292 1679 obsedit.

541 1712 666 1769 570.
695 1713 962 1770 Alboinus
1011 1715 1300 1786 plerasque
1345 1716 1401 1770 in
1452 1714 1652 1772 Tuscia
1691 1717 1856 1772 urbes
1886 1717 2046 1788 cepit.

467 1800 707 1860 Sanctus
736 1802 1008 1860 Vedastus
1029 1805 1319 1875 episcopus
1345 1806 1599 1862 decessit.

2157 618 2343 690 vigildi
2367 617 2510 688 regis
2555 615 2859 671 Gothorum
2889 610 3109 666 Arriani
3146 608 3312 675 ﬁlius,
3349 617 3475 678 post
3503 617 3735 664 mortem

2158 709 2332 781 patris
2377 722 2470 762 rex
2501 705 2746 770 eﬁ‘eetus,
2769 718 2802 757 a
2824 698 3074 756 Learidro
3113 697 3457 768 Hispoh'tano
3479 698 3734 767 episcopo

2157 813 2284 854 cum
2312 805 2423 852 tota
2445 803 2604 866 gente
2641 791 2943 847 Gothorum
2973 788 3042 844 ad
3069 788 3393 844 catholicam
3419 787 3584 842 tidem
3606 803 3735 842 con-

2155 889 2407 945 vertitur.
3055 941 3059 948 ι

2225 978 2349 1035 588.
2378 976 2436 1030 ln
2459 974 2719 1045 Hispania
2738 971 2948 1028 heresis
2976 970 3208 1025 Arriana
3229 969 3530 1035 destructa,
3549 976 3608 1022 et
3624 967 3734 1021 sin-

2155 1071 2294 1126 odus
2325 1068 2586 1123 Toletana
2632 1065 2857 1121 collecta
2904 1071 2988 1120 cst
3015 1061 3284 1117 industria
3354 1059 3595 1117 Leandri
3615 1059 3733 1129 epi-

2155 1159 2308 1228 scopi
2334 1167 2389 1215 et
2418 1156 2708 1214 Richaredi
2757 1154 2922 1225 regis.
2960 1153 3162 1208 Cesara
3205 1151 3411 1222 regina,
3445 1163 3588 1204 uxor
3620 1149 3733 1202 Au-

2154 1252 2288 1306 nulli
2322 1250 2466 1322 regis
2491 1249 2807 1315 Persarum,
2837 1245 3046 1301 occulte
3067 1244 3359 1312 baptizata,
3381 1240 3735 1312 postmodum

2153 1353 2210 1401 et
2229 1360 2390 1400 suum
2418 1343 2678 1399 maritum
2709 1355 2835 1397 cum
2865 1347 2978 1393 tota
3019 1344 3178 1407 gente
3200 1351 3299 1392 sua
3325 1335 3470 1406 apud
3497 1332 3731 1415 Anthioo

2153 1437 2333 1494 chiam
2363 1450 2422 1490 se
2442 1434 2720 1503 baptizare
2739 1429 3029 1501 persuasit.

2224 1527 2349 1583 589.
2374 1524 2710 1580 Hildibertus
2732 1539 2828 1577 rex
2851 1535 3097 1576 sororem
3120 1535 3297 1585 suam,
3324 1517 3600 1572 Authario
3619 1517 3732 1587 regi

2154 1617 2642 1688 Longobardorum
2691 1612 3054 1683 promissam,
3099 1610 3211 1680 regi
3251 1607 3584 1678 Gothorum,
3637 1608 3734 1676 qui

2153 1727 2329 1780 nuper
2368 1707 2674 1768 catholicus
2708 1704 2885 1760 factus
2925 1710 3028 1769 est,
3074 1701 3129 1757 in
3174 1699 3587 1756 matrimonium
3621 1707 3732 1752 tra«

2153 1802 2308 1857 didit.

540 1892 666 1950 571.
698 1892 996 1964 Papienses
1027 1895 1143 1968 regi
1184 1896 1420 1952 Alboino
1469 1897 1537 1954 ad
1577 1896 1909 1953 deditionem
1953 1913 2050 1953 ve-
2083 1883 2128 1941 Β
2226 1891 2348 1949 590.
2375 1890 2581 1946 Tunica
2603 1887 2810 1944 domini
2843 1885 3140 1942 Salvatoris
3163 1899 3194 1940 a
3227 1881 3464 1954 Symone
3493 1879 3732 1952 quodam

466 1983 647 2039 niunt.
678 1982 881 2041 Narses
915 1987 1179 2054 patricius
1223 1987 1378 2044 obiit.

538 2075 663 2132 574.
715 2076 982 2135 Alboinus
1029 2093 1125 2134 rex
1168 2079 1654 2152 Longohardorum
1701 2096 1799 2150 per
1825 2081 2053 2139 insidias

467 2164 722 2236 conjugis
744 2181 860 2225 suae
896 2167 1041 2238 apud
1074 2166 1347 2227 Veronam
1375 2170 1444 2225 ab
1470 2171 1742 2241 armigero
1773 2187 1874 2226 suo
1903 2171 2052 2227 occi-

467 2255 636 2313 ditur.

538 2347 664 2402 575.
707 2346 1190 2420 Constantinopoli
1256 2347 1505 2406 Justinus
1573 2353 1890 2420 imperator
1929 2363 2054 2422 post

467 2437 642 2492 multa
677 2439 820 2494 mala
843 2456 944 2496 sua
979 2442 1033 2495 in
1067 2442 1362 2498 amentiam
1383 2458 1599 2510 versus,
1635 2443 1788 2498 obiit.
1813 2443 1922 2498 Pro
1943 2458 2052 2514 quo

470 2528 740 2600 Tyberius
764 2531 1184 2601 Constantinus,
1223 2535 1319 2605 qui
1344 2543 1399 2589 et
1418 2534 1537 2606 ipso
1572 2543 1752 2589 mente
1774 2543 1933 2606 capto
1955 2551 2053 2606 pa-

468 2622 666 2679 latium
694 2631 929 2690 rexerat,
950 2625 1202 2695 regnavit
1223 2625 1381 2681 annis
1405 2625 1456 2691 7,
1477 2625 1563 2680 vir
1590 2624 1702 2680 Deo
1731 2625 1979 2680 devotus.

539 2712 664 2770 576.
718 2711 956 2770 Sanctus
1013 2713 1320 2771 Germanus
1376 2713 1715 2771 Parisiorum
1763 2715 2052 2788 episcopus

466 2801 726 2873 migravit
753 2802 821 2858 ad
851 2802 1167 2859 Dominum.

474 2921 478 2926 -
539 2892 665 2949 578.
698 2891 885 2952 Romae
914 2892 1262 2963 Benedictus,
1296 2910 1436 2968 papa
1459 2895 1612 2963 64“,
1640 2895 1782 2952 sedit
1809 2895 1969 2952 annis
1992 2895 2048 2962 4,

464 2982 754 3040 mensibus
771 2982 827 3037 2.
850 2982 897 3038 A
918 2998 1030 3054 quo
1067 2983 1262 3040 beatus
1285 2983 1580 3056 Gregorius
1613 2985 1680 3041 de
1713 2984 2052 3041 monasterio

467 3073 687 3131 ablatus
704 3079 762 3130 et
791 3073 1056 3133 diaconus
1075 3073 1386 3144 ordinatus,
1407 3073 2050 3146 Constantinopolimque

465 3166 860 3238 apocrisiarius
888 3167 1118 3236 missus,
1136 3166 1449 3224 Euthicium
1482 3168 1726 3239 ejusdem
1757 3168 1908 3224 urbis
1935 3167 2051 3238 epi-

464 3274 699 3331 scopum
729 3259 788 3314 in
836 3258 944 3315 ﬁde
980 3260 1404 3316 resurrectionis
1429 3274 1644 3316 errasse
1680 3259 1914 3332 Tyherio
1951 3276 2053 3315 au-

466 3357 630 3420 gusto
660 3357 928 3418 praesente
945 3349 1204 3405 convicit.
1239 3349 1344 3406 Ubi
1371 3351 1536 3406 etiam
1571 3350 1842 3420 episcopis
1867 3365 2052 3409 mora-

465 3440 544 3496 lia
566 3441 624 3494 in
653 3439 778 3507 Job,
813 3440 1161 3498 venientibus
1188 3441 1256 3498 ad
1275 3456 1404 3498 eum
1431 3442 1719 3500 monachis
1741 3442 1882 3511 suis,
1909 3442 2050 3498 scri-

464 3529 597 3588 bere
626 3530 944 3600 compulsus
977 3538 1082 3588 est.

479 3628 485 3635 '
540 3619 667 3675 579.
691 3619 885 3691 Magna
914 3636 1184 3692 aquarum
1221 3623 1507 3680 inundatio
1527 3629 1583 3678 et
1610 3622 1842 3690 illuvies,
1867 3623 2052 3681 fulmi-

465 3725 562 3778 na,
593 3723 755 3766 terrae
781 3717 986 3778 motus,
1013 3713 1264 3768 homines
1289 3723 1550 3770 terruere.

541 3800 667 3856 580.
696 3800 923 3859 Cometa
969 3801 1058 3859 die
1101 3804 1320 3874 pascha:
1358 3805 1497 3860 visa.
1533 3802 1845 3862 Suessionis
1873 3807 2049 3862 celum

469 3891 665 3951 ardere
681 3893 862 3950 visum
886 3903 990 3950 est.
1027 3893 1342 3953 Pestilentia
1368 3896 1560 3967 ingens
1587 3897 1665 3953 lit.

542 3982 670 4042 581.
722 3982 839 4040 Hoc
877 3991 1122 4056 tempore
1149 3987 1422 4045 exercitus
1459 3985 1675 4059 Tybcrii
1707 3988 2050 4059 imperatoris

464 4073 668 4134 Persas
698 4085 950 4147 potenter
973 4079 1270 4149 superavit.
1410 4087 1414 4092 '

464 4192 470 4199 -
538 4166 664 4223 582.
689 4167 1164 4239 Constantinopoli
1185 4169 1470 4242 Tyberius,
1494 4171 1642 4226 omni
1664 4171 1825 4227 laude
1850 4173 2052 4244 dignis~

466 4256 665 4325 simus,
697 4257 851 4313 obiit.
897 4259 1004 4315 Pro
1025 4275 1135 4330 quo
1168 4260 1464 4318 Mauricius
1505 4265 1750 4334 regnavit
1777 4266 1936 4319 annis
1955 4265 2047 4320 21.

467 4345 659 4404 Romae
677 4347 929 4420 Pelagius
949 4348 1015 4418 II,
1037 4366 1179 4421 papa
1205 4351 1358 4420 65“,
1387 4353 1526 4408 sedit
1551 4355 1710 4410 annis
1732 4354 1819 4422 10,
1845 4356 2052 4411 mensi-

467 4441 572 4500 bus
599 4442 657 4501 2.
682 4441 782 4498 Hie
826 4444 1091 4514 templum
1138 4445 1313 4501 sancti
1353 4445 1498 4502 Petri
1533 4448 1736 4508 tabulis
1776 4450 2048 4520 argenteis

464 4537 748 4593 deauratis
781 4538 936 4604 texit,
963 4546 1018 4594 et
1041 4539 1147 4594 alia
1173 4541 1344 4594 multa
1373 4541 1536 4597 bona.

517 4626 644 4682 585.
660 4626 1006 4687 Hildebertus
1021 4644 1116 4685 rex
1128 4628 1485 4698 Francorum,
1499 4631 1735 4702 acceptis
1751 4631 2042 4698 50,0001ιιιει

463 4717 769 4776 solidorum
802 4719 922 4773 auri
957 4733 988 4773 a
1032 4717 1293 4776 Mauricio
1335 4720 1683 4791 imperatore,
1725 4732 1786 4777 ut
1833 4723 2047 4794 Longo-

463 4807 667 4865 bardos
686 4809 753 4865 de
783 4808 934 4865 Italia
953 4811 1195 4880 pelleret,
1227 4827 1353 4867 cum
1383 4813 1591 4870 eisdem
1617 4822 1838 4884 pactum
1860 4815 2044 4870 ﬁrma-

462 4899 564 4966 vit,
595 4908 651 4955 et
673 4901 990 4972 imperatori
1041 4903 1331 4974 pecuniam
1360 4904 1659 4976 requirenti
1682 4921 1784 4963 nec
1815 4920 2045 4976 respon-

466 5005 589 5028 ωιτη
628 4991 854 5030 Νιδδίιῖἶο

2152 1988 2324 2046 Judeo
2355 1987 2643 2044 torruentis
2669 1994 2859 2040 coacto
2910 1991 3234 2048 monstrata,
3268 1997 3300 2036 a
3333 1980 3600 2052 Gregorio
3623 1980 3734 2032 An-

2154 2079 2428 2141 tiocheno,
2477 2075 2724 2130 Johanne
2754 2071 3378 2141 Constantinopolitano,
3419 2078 3475 2124 et
3521 2067 3732 2122 Thom:

2153 2167 2615 2231 Jcrosolimitano,
2646 2174 2701 2219 et
2729 2163 2870 2219 alius
2919 2162 3166 2232 pluribus
3198 2160 3488 2230 episcopis,
3521 2158 3731 2227 jejunio

2153 2261 2408 2315 triduano
2443 2260 2734 2324 celebrato,
2780 2257 2836 2314 in
2879 2257 3045 2311 archa
3095 2271 3402 2310 marmorea
3445 2254 3501 2308 in
3532 2253 3732 2323 oppido

2154 2352 2374 2423 Zaphad
2417 2352 2653 2418 inventa,
2699 2363 2917 2406 summo
2959 2363 3084 2404 cum
3111 2347 3320 2402 honore
3347 2344 3730 2401 Jerosolimam

2153 2448 2316 2502 allata
2347 2455 2449 2501 est.

2224 2537 2347 2592 591.
2397 2535 2511 2591 Rex
2569 2533 3055 2606 Longobardorum
3107 2529 3554 2594 Theodeliudam,
3589 2528 3730 2600 regis

2150 2629 2525 2700 Bajoariorum
2549 2628 2715 2682 ﬁliam
2738 2627 3019 2697 pulchram
3048 2632 3104 2679 et
3123 2625 3287 2694 piam,
3306 2623 3462 2677 duxit
3477 2637 3727 2678 uxorem.

2221 2719 2349 2776 592.
2384 2719 2579 2790 Ingens
2619 2717 2926 2772 mortalitas
2965 2714 3108 2770 facta
3140 2722 3243 2778 est,
3295 2713 3349 2767 in
3391 2728 3503 2782 qua
3553 2712 3730 2781 primo

2151 2809 2402 2881 Pelagius
2437 2825 2597 2879 papa,
2642 2808 2836 2863 deinde
2875 2805 3149 2860 innumeri
3186 2803 3414 2858 extincti
3461 2811 3614 2858 sunt.
3664 2801 3731 2858 Et

2150 2902 2342 2958 beatus
2387 2900 2701 2971 Gregorius,
2735 2908 2866 2954 tunc
2905 2896 3162 2952 Romanae
3194 2896 3419 2950 aiclesiaa
3452 2894 3730 2949 archidia-

2151 3007 2345 3059 conus,
2381 2990 2694 3046 constitutis
2738 2987 2951 3042 lctaniis
2980 2994 3035 3041 et
3077 2986 3233 3055 plaga
3276 2992 3550 3051 cessante,
3593 2999 3730 3054 papa

2152 3083 2279 3140 66“!
2329 3083 2632 3149 ordinatus,
2685 3079 2932 3136 doctrina
2966 3085 3022 3134 et
3055 3077 3266 3132 actibus
3289 3075 3508 3130 cunctis
3536 3075 3729 3129 merito

2151 3171 2521 3246 praeferendus
2557 3170 2895 3242 apostolicis,
2919 3168 3057 3224 sedit
3077 3167 3236 3222 annis
3258 3167 3344 3230 15,
3369 3165 3658 3220 mensibus
3677 3164 3729 3229 6,

2154 3266 2348 3321 diebus
2380 3263 2466 3320 10.
2512 3262 2618 3329 Qui
2649 3261 2834 3319 statim
2880 3259 3020 3315 inter
3061 3258 3166 3313 alia
3208 3256 3382 3310 multa
3408 3256 3614 3313 librum
3638 3271 3733 3325 pa-

2153 3355 2411 3416 storalem
2439 3355 2658 3426 egregio
2679 3353 2848 3408 edidit
2876 3351 3019 3406 stilo.
3046 3348 3145 3404 Hic
3173 3363 3389 3418 quoque
3409 3363 3580 3416 super
3609 3362 3731 3402 cor-

2151 3461 2254 3517 pus
2282 3445 2425 3500 beati
2466 3443 2613 3499 Petri
2639 3441 2921 3516 cyborium
2944 3439 3091 3504 fecit,
3128 3446 3183 3491 et
3202 3437 3406 3491 missas
3453 3437 3736 3492 celebrare

2151 3537 2406 3606 instituit,
2441 3537 2677 3605 itemque
2699 3533 2872 3590 sancti
2918 3530 3092 3598 Pauli,
3124 3529 3373 3585 similiter
3389 3536 3442 3584 et
3468 3543 3564 3582 sea:
3588 3527 3735 3596 capi-

2153 3630 2266 3685 tula
2293 3629 2546 3700 synodica
2585 3626 2800 3696 scripsit
2830 3623 2917 3678 ⁸⁷⁸.

2222 3721 2347 3778 595.
2387 3718 2616 3774 Siccitas
2637 3731 2835 3786 magna
2859 3722 2912 3768 et
2937 3711 3108 3766 fames
3128 3709 3273 3765 facta
3304 3717 3409 3776 est,
3429 3717 3488 3764 et
3514 3707 3734 3766 insolita

2149 3813 2488 3868 locustarum
2528 3823 2851 3880 magnarum
2887 3802 3196 3860 multitudo.

2223 3902 2348 3957 591.
2372 3900 2505 3955 item
2536 3901 2876 3955 locustarum
2924 3893 3214 3952 multitudo
3242 3891 3497 3967 frugibus
3526 3889 3730 3946 nocuit.

2221 3993 2348 4051 595.
2376 3991 2672 4063 Gregorius
2701 4004 2842 4060 papa
2878 3986 3133 4043 sinodum
3160 3984 3231 4038 24
3250 3983 3642 4054 episcoporum
3667 3981 3730 4036 ad

2153 4082 2415 4141 Sanctum
2443 4081 2662 4138 Petrum
2685 4079 2907 4151 colligit,
2929 4075 3223 4134 indictione
3249 4073 3336 4128 14.

2222 4175 2348 4232 596.
2394 4174 2630 4234 Sanctus
2673 4170 2939 4228 Columba
2974 4167 3242 4239 presbiter
3281 4173 3335 4220 et
3373 4163 3571 4227 abbas,
3612 4170 3731 4232 post

2151 4267 2324 4322 multa
2347 4265 2619 4321 mirabilia
2658 4263 2715 4323 in
2753 4262 2933 4318 insula
2957 4259 3044 4317 liii
3071 4259 3227 4330 juxta
3252 4255 3602 4320 Hiberniam,
3626 4253 3723 4307 mi-

2153 4359 2329 4430 gravit
2347 4358 2414 4418 ad
2440 4357 2752 4421 Dominum,
2796 4367 2942 4410 anno
2973 4351 3149 4408 astatis
3179 4347 3298 4406 70°.
3335 4346 3454 4401 lloc
3490 4356 3727 4414 tempore

2150 4449 2344 4508 beatus
2360 4447 2657 4518 Gregorius
2680 4458 2820 4515 papa
2845 4441 3030 4500 missis
3053 4436 3369 4497 doctoribus
3400 4433 3726 4505 Augustino,

2150 4539 2371 4605 Mellito,
2393 4532 2642 4595 Iohanne
2671 4544 2725 4594 et
2767 4533 2912 4600 aliis,
2941 4531 3241 4601 Anglorum
3279 4534 3497 4600 gentem
3530 4525 3588 4580 in
3612 4523 3724 4580 Bri-

2149 4633 2336 4686 tannia
2367 4631 2434 4685 ad
2457 4631 2617 4684 fidem
2647 4627 2850 4682 Christi
2889 4623 3175 4680 convertit.

2221 4721 2342 4777 597.
2367 4719 2708 4777 Hildebertus
2739 4732 2831 4770 rex
2859 4714 3192 4773 Francorum
3216 4710 3371 4767 obiit.

2221 4812 2345 4868 598.
2371 4809 2468 4868 His
2493 4809 2832 4880 temporibus
2868 4822 2993 4861 cum
3027 4803 3306 4861 Romanus
3337 4801 3604 4870 patricius
3635 4797 3727 4853 ali-

2150 4911 2286 4975 quot
2314 4903 2476 4958 urbes
2503 4917 2535 4957 a
2570 4897 2944 4970 Longobardis
2974 4895 3178 4952 dudum
3225 4900 3414 4961 captas
3447 4907 3545 4961 per
3577 4889 3726 4944 dedi-

2152 4997 2352 5034 lin-mm
2404 4993 2699 5034 ranoniecpl
2758 4998 2813 5034 Μ.
2859 4990 2929 5034 nl)
2980 4988 3031 5034 id
3078 4983 3339 5034 AEilOlfllS
3371 4998 3464 5034 rex
3677 4987 3730 5033 et
