3996 5474
547 393 692 456 ι’δῡδ

539 522 645 582 qui
676 508 864 567 multis
893 508 1054 564 bonis
1088 505 1343 578 Operibus
1365 503 1680 559 abundavit.

613 599 822 655 627.ln
844 597 1122 653 Britannia
1149 596 1393 653 E'ittinus
1421 611 1514 650 rex
1530 595 1828 666 Anglorum
1849 610 1878 649 a
1904 593 2129 649 Paulino

544 697 808 761 episcopo
828 702 1147 754 conversus,
1173 703 1297 742 cum
1321 694 1478 758 gente
1503 701 1603 741 sua
1629 687 1954 758 baptizatur,
1985 702 2129 742 anno

519 778 817 838 adventus
840 779 1140 850 Anglorum
1175 779 1229 833 in
1263 778 1600 834 Britanniam
1629 793 1765 847 pene
1799 777 1948 830 l300.

622 872 748 926 628.
782 871 983 926 Beatus
1004 871 1326 938 Anastasius
1345 870 1652 924 monachus
1667 869 1834 922 multa
1859 884 1957 938 pro
1971 868 2130 922 Chri-

545 971 635 1020 sto
666 971 936 1017 tormenta
964 979 1180 1033 passus,
1207 961 1424 1016 tandem
1443 961 1500 1014 in
1521 957 1744 1015 Perside
1761 976 1791 1013 a
1817 975 1940 1030 rege
1986 958 2129 1012 Cho-

548 1053 713 1112 oslroe
735 1069 861 1110 cum
885 1053 1006 1108 aliis
1024 1053 1090 1106 70
1109 1053 1500 1122 strangulatus,
1518 1051 1980 1107 martir‘eflicitur.
2008 1049 2130 1119 lpso

549 1161 697 1206 anno
725 1144 973 1201 Eraclius
1017 1145 1314 1215 imperator
1353 1143 1630 1199 Persidem
1680 1143 1853 1212 petiit,
1899 1143 2044 1196 victo
2077 1151 2131 1196 et

549 1238 736 1294 occiso
773 1237 1078 1304 Chosdroe,
1119 1236 1452 1293 dominicam
1496 1251 1714 1292 crucem
1749 1233 2129 1291 Jerosolimanl

547 1329 771 1385 revexit.

617 1417 740 1473 650.
785 1417 1080 1474 Lotharius
1103 1433 1198 1472 rex
1221 1417 1559 1473 Francorum
1586 1416 1764 1483 fortis,
1779 1416 1901 1487 pius
1921 1425 1974 1471 ct
2001 1417 2130 1476 reli-

546 1509 754 1581 giosus,
777 1510 932 1576 obiit,
957 1525 1101 1564 anno
1128 1508 1281 1579 regni
1302 1510 1424 1566 45°.

620 1600 745 1657 651.
787 1601 1126 1672 Dagobeitus
1156 1617 1251 1656 rex
1288 1599 1658 1664 Francorum,
1685 1609 1874 1655 sancto
1902 1598 2130 1656 Arnolfo

547 1688 788 1748 Metense
842 1693 1101 1762 episcopo
1141 1701 1196 1748 et
1243 1691 1434 1760 Pipino
1474 1691 1682 1760 majore
1727 1691 1924 1745 domus
1970 1701 2130 1746 utens

545 1779 901 1850 consiliariis,
929 1785 1100 1839 nimio
1127 1798 1311 1838 amore
1334 1782 1572 1852 justiciae
1603 1783 1669 1814 ³⁸⁸
1693 1781 1962 1852 flagravit.

620 1871 746 1928 652.
789 1873 900 1928 Pax
924 1883 1181 1944 perpetua
1205 1875 1344 1928 inter
1369 1873 1644 1932 Eraclium
1674 1873 2055 1945 imperatorem
2077 1883 2132 1931 et

544 1960 914 2034 Dagobertnm
951 1965 1142 2034 legatis
1159 1965 1522 2018 mediantibus
1558 1973 1713 2033 pacta
1741 1973 1843 2018 est.

619 2055 744 2109 655.
788 2054 846 2109 In
882 2055 1162 2110 Britannia
1201 2055 1469 2121 Eduinus,
1517 2071 1610 2109 rex
1652 2054 1951 2125 Anglorum
1977 2056 2129 2125 paci~

546 2144 685 2203 ﬁcus
713 2153 766 2200 et
789 2146 932 2215 pius,
958 2163 987 2200 a
1021 2147 1251 2216 paganis
1273 2147 1494 2216 regibus
1523 2147 1876 2201 interimitur.

619 2235 743 2290 654.
786 2237 1002 2291 Oswald
1072 2238 1217 2292 ﬁlius
1290 2237 1540 2292 Edilfridi
1601 2237 2128 2304 christianissimus,

547 2327 742 2396 paucis
788 2329 1028 2386 collectis
1074 2337 1128 2385 ct
1163 2329 1387 2385 adorata
1436 2345 1598 2383 cruce
1647 2345 1810 2398 quam
1860 2338 2128 2394 erexerat,

545 2413 927 2476 interfectores
951 2417 1149 2474 Eduini
1182 2421 1324 2490 regis
1351 2420 1648 2492 superavit,
1673 2421 1894 2490 ipseque
1916 2420 1948 2474 8
1972 2420 2130 2474 annis

547 2507 819 2576 regnavit.
1261 2553 1263 2555 .

619 2596 744 2653 655.
787 2597 884 2654 His
907 2601 1247 2669 temporibus
1279 2618 1401 2656 eum
1427 2601 1650 2672 Sergius
1671 2602 2130 2672 Constantinopo-

543 2685 772 2757 litanus,
794 2691 1074 2746 annitente
1095 2691 1238 2762 Cyro
1250 2693 1618 2748 Alexandrino
1641 2695 1877 2748 heresim
1906 2695 2131 2763 aceplia«

545 2777 725 2836 lorum
775 2783 841 2816 ⁸⁸⁷
877 2783 1215 2850 instaurans,
1262 2801 1426 2839 unam
1476 2786 1530 2838 in
1563 2784 1784 2840 Christo
1829 2786 2130 2842 divinitatis

543 2877 603 2928 et
621 2872 980 2966 humanipatis
1018 2875 1351 2932 voluntatem
1397 2885 1450 2931 et
1484 2878 1854 2946 operationem
1901 2877 2128 2948 dogma-

547 2963 810 3031 tizasset,
847 2963 1160 3038 ipsumque
1214 2968 1599 3038 imperatorem
1658 2969 2002 3036 seduxisset,
2059 2969 2129 3026 ab

547 3055 846 3124 apostolica
873 3056 1000 3110 sede
1035 3057 1329 3114 damnatus
1353 3067 1456 3114 est.

619 3144 742 3198 657.
783 3144 1256 3219 Constantinopoli
1281 3149 1527 3204 Eraclius
1553 3149 1849 3220 imperator
1873 3165 1904 3204 a
1935 3149 2126 3222 Sergio

546 3232 1156 3307 Constantinopolitano
1183 3239 1441 3310 episcopo
1475 3240 1529 3293 in
1561 3239 1834 3306 haeresim,
1868 3250 1927 3294 ut
1950 3242 2125 3309 aiunt,

549 3325 810 3388 inductus
833 3328 986 3384 obiit.
1022 3327 1130 3385 Pro
1157 3345 1266 3408 quo
1288 3329 1581 3390 Eraclonas
1610 3346 1736 3392 cum
1773 3340 1946 3385 matre
1979 3330 2127 3391 Mar-

543 3411 663 3470 tina
685 3417 846 3472 annis
868 3417 905 3471 2
934 3419 1202 3489 regnavit.

617 3505 744 3564 658.
787 3505 975 3565 Romae
998 3508 1256 3566 defuncto
1281 3524 1420 3582 papa
1442 3509 1703 3578 Honorio,
1718 3511 1953 3567 cessavit
1973 3512 2127 3567 sedes

549 3597 853 3663 apostolica
896 3613 1100 3660 annum
1128 3601 1187 3664 1,
1221 3617 1438 3656 menses
1467 3603 1518 3668 7,
1561 3603 1676 3658 dies
1707 3605 1951 3673 14,,quia
1985 3601 2128 3658 Con-

549 3687 908 3757 stantinopoii
932 3690 1233 3746 auctoritas
1270 3691 1568 3760 imperialis
1610 3701 1782 3748 morte
1819 3693 2126 3763 principum

547 3775 792 3865 nutabat.
837 3775 958 3844 Quo
1005 3786 1249 3850 tempore
1274 3779 1659 3839 Lateranensis
1700 3783 1994 3840 thesaurus
2014 3783 2128 3842 dis:

545 3874 754 3924 tractus
785 3876 888 3924 est.
1138 3934 1153 3945 ο

618 3955 741 4014 659.
785 3957 1254 4033 Constantinopoli
1299 3975 1514 4022 mortuo
1566 3964 1832 4023 Eraclona
1891 3968 2127 4038 impera-

547 4051 687 4112 tore,
719 4045 890 4103 frater
915 4049 1034 4119 ejus
1055 4049 1450 4110 Constantinus
1489 4057 1734 4127 regnavit
1763 4059 2041 4114 mensibus
2069 4058 2122 4114 6.

619 4136 743 4192 640.
785 4138 1262 4218 Constantinopoli
1305 4157 1427 4216 post
1473 4157 1705 4204 mortem
1745 4148 2121 4216 Constantini,

545 4226 694 4289 illius
727 4230 1354 4304 ipsius,Constantinus,
1377 4239 1472 4307 qui
1492 4248 1546 4293 et
1566 4239 1860 4306 Constans,
1879 4242 2125 4312 regnavit

544 4321 708 4383 annis
750 4322 840 4377 28.
880 4323 1069 4380 Romae
1102 4324 1414 4396 Severinus,
1441 4345 1580 4400 papa
1619 4330 1765 4397 75‘“,
1796 4331 1936 4386 sedit
1971 4346 2125 4386 men-

543 4410 699 4475 sibus
723 4412 784 4478 2,
809 4413 1000 4474 diebus
1039 4417 1102 4482 4;
1135 4426 1258 4488 post
1291 4435 1455 4494 quem
1501 4422 1736 4476 cessavit
1778 4421 2122 4493 episcopatus

544 4503 831 4567 mensibus
854 4505 906 4560 5.

613 4594 737 4648 6M.
781 4593 966 4650 Romae
985 4595 1263 4673 Johannes
1289 4597 1380 4667 Π,
1405 4616 1542 4672 papa
1566 4601 1714 4669 74M,
1741 4603 1878 4658 sedit
1897 4605 2116 4670 annol,

542 4686 827 4746 mensibus
855 4685 968 4742 fere
1003 4687 1099 4756 i0;
1140 4691 1234 4760 qui
1257 4687 1426 4748 miSsa
1465 4695 1728 4762 pecunia,
1769 4695 1968 4751 multos
2027 4711 2121 4754 ca-

541 4776 722 4850 ptivos
738 4776 792 4830 in
816 4776 1018 4834 Histria
1044 4790 1099 4836 et
1118 4779 1384 4839 Dalmatia
1404 4799 1436 4838 a
1455 4784 1704 4841 barbaris
1725 4786 1973 4843 redemit.

614 4866 737 4922 642.
780 4867 969 4926 Romae
990 4871 1327 4940 Theodorus,
1355 4891 1494 4946 papa
1523 4875 1671 4942 75“,
1703 4878 1844 4933 sedit
1868 4877 2027 4936 annis
2060 4876 2114 4946 6,

544 4959 825 5022 mensibus
851 4961 963 5016 fere
996 4962 1050 5024 6.
1094 4962 1194 5032 Hic
1227 4981 1454 5037 corpora
1484 4976 1798 5024 sanctorum
1852 4967 2021 5026 Primi
2064 4978 2118 5025 et

542 5046 790 5090 ΡΠίοῖῆηῖ
822 5053 1017 5092 insuavi!
1064 5064 1112 5092 al
1141 5057 1405 5094 homlinnn
1430 5058 1704 5096 δελπηινιυῆ
1756 5059 1814 5096 In
1836 5059 2114 5098 Ὼρῖίαηιιῖο

1549 393 1633 450 AD
1670 391 1898 446 OPERA
1939 394 1994 448 S.
2034 388 2362 449 GBEGORH
2393 387 2834 448 AI’l‘ENDlCES.

2160 507 2204 561 Α
2230 504 2419 559 doctor
2463 501 2784 569 Anglorum,
2819 513 2962 554 anno
3006 508 3358 569 episcopatus
3388 496 3671 553 'vicesimo
3705 497 3799 550 nii-

3662 383 3791 439 1556

2231 596 2408 667 gravit
2433 595 2498 647 ad
2529 593 2841 658 Dominum,
2866 591 2898 645 6
2950 590 3077 645 ldus
3106 589 3379 648 Octobris.

2301 689 2428 743 645.
2469 684 2582 740 lloc
2628 695 2872 755 tempore
2908 683 3112 756 Pyrrus
3146 682 3798 751 Constantinopolitanns,

2235 777 2406 849 Sergii
2430 786 2483 831 ct
2510 777 2563 830 in
2594 776 2719 830 sede
2739 784 2794 830 et
2817 775 2870 828 in
2892 775 3070 829 heresi
3094 788 3400 837 successor,
3425 788 3552 826 cum
3578 788 3609 825 a
3635 769 3802 824 Theo-

2231 874 2366 928 doro
2415 888 2553 942 papa
2599 871 2807 926 dudum
2851 869 3171 934 damnatus,
3222 884 3287 922 ex
3337 867 3543 921 Aﬂ'rica
3585 865 3800 919 Romam

2231 964 2499 1028 venisset,
2547 972 2601 1017 et
2645 962 2825 1017 ﬁctam
2876 960 3225 1034 penitentiam
3272 957 3805 1025 satisfactionemque

2233 1056 2568 1122 simulasset,
2600 1055 2833 1124 benigne
2877 1062 3166 1123 susceptus
3209 1061 3263 1106 et
3290 1052 3682 1106 reconciliatus
3705 1057 3801 1103 est.

2232 1144 2425 1200 Postea
2447 1160 2578 1199 vero
2611 1144 2834 1198 domum
2865 1158 3136 1207 reversus,
3169 1151 3223 1197 et
3256 1156 3498 1196 errorem
3539 1149 3802 1209 repetens,

2231 1238 2408 1292 denuo
2431 1237 2500 1292 ab
2525 1237 2646 1307 ipso
2671 1252 2809 1308 papa
2848 1235 3148 1307 depositus,
3172 1235 3466 1290 damnatus
3497 1240 3556 1286 et
3589 1232 3806 1286 anathe-

2232 1328 2465 1382 mizatus
2493 1336 2596 1380 est.

2300 1421 2423 1475 646.
2463 1419 2558 1475 His
2581 1420 2916 1490 temporibus
2962 1419 3122 1473 beata
3169 1419 3324 1488 virgo
3355 1415 3682 1480 Gerdrudis,
3703 1414 3805 1468 ﬁlia

2229 1515 2433 1585 Pipini,
2457 1530 2614 1569 soror
2641 1513 2941 1571 Grimoaldi
2967 1513 3239 1582 majorum
3262 1512 3481 1574 domus,
3509 1507 3806 1562 Nivalensis

2231 1605 2444 1662 cenobii
2467 1614 2658 1669 mater,
2688 1603 2981 1658 virtutibus
3009 1603 3228 1658 claruit.
3252 1600 3429 1670 Hujus
3452 1614 3615 1653 soror
3640 1596 3802 1670 Begga

2230 1705 2285 1751 et
2308 1697 2424 1765 ipsa
2470 1696 2749 1766 religiosa,
2777 1694 2983 1765 Angiso
3006 1694 3181 1749 sancti
3212 1693 3416 1747 Arnolﬁ
3452 1691 3569 1746 ﬁlio
3608 1689 3806 1760 nupsit,

2231 1787 2319 1840 cui
2356 1786 2519 1840 etiam
2543 1785 2797 1856 Pipinum
2825 1784 3100 1854 juniorem
3129 1783 3356 1852 peperit.

2303 1880 2427 1934 647.
2469 1878 2566 1934 His
2593 1878 2930 1949 temporibus
2968 1893 3094 1932 cum
3121 1876 3326 1930 Paulus
3348 1873 3806 1942 Constantinopo-

2233 1969 2437 2024 litanus
2487 1968 2641 2040 Pyrri
2691 1983 2975 2023 successor
3020 1968 3256 2021 heresim
3315 1981 3426 2019 non
3478 1963 3658 2018 solum
3704 1977 3804 2015 non

2232 2062 2548 2126 dimitteret,
2575 2070 2655 2115 set
2681 2067 3078 2131 augmentaret,
3104 2059 3392 2127 ipsumque
3425 2056 3806 2124 imperatorem

2231 2171 2357 2209 cum
2401 2155 2523 2208 aliis
2557 2153 2859 2217 seduceret,
2890 2165 2990 2204 nec
3030 2166 3059 2204 a
3087 2151 3290 2203 domno
3330 2160 3468 2219 papa
3501 2145 3807 2200 admonitus

2229 2257 2285 2301 ct
2323 2247 2637 2315 increpatus
2667 2243 3012 2313 resipiscerct
3056 2250 3110 2296 et
3161 2241 3274 2310 ipse
3321 2237 3620 2293 identidem
3663 2235 3807 2289 dam-

2231 2347 2395 2391 natus
2421 2345 2522 2391 est.

2302 2426 2424 2480 648.
2471 2425 2738 2494 Tempore
2764 2422 3080 2477 Constantis
3130 2421 3479 2492 imperatoris
3526 2435 3662 2491 gens
3689 2418 3807 2471 Sar-

2233 2533 2555 2574 racenorum
2629 2515 3012 2572 crudelissima
3085 2513 3286 2569 multas
3352 2512 3669 2584 provincias
3719 2524 3806 2563 va.

2233 2610 2413 2666 stavit.

2302 2702 2426 2755 649.
2469 2700 2655 2754 Roma
2679 2698 2970 2762 Martinus,
2994 2712 3133 2766 papa
3181 2697 3330 2761 76“,
3376 2695 3520 2750 sedit
3560 2693 3720 2748 annis
3752 2693 3802 2759 6,

2232 2793 2514 2848 mensibus
2539 2791 2651 2850 fere
2673 2791 2727 2845 2.
2755 2788 2875 2854 Quo
2908 2797 3152 2864 tempore
3187 2785 3392 2839 Paulus
3422 2784 3802 2838 Constantino-

2230 2887 2524 2956 politanus,
2547 2883 2663 2951 ipso
2679 2883 3005 2950 imperatore
3021 2877 3318 2932 Constante
3341 2876 3590 2938 seducto,
3611 2875 3804 2945 legatos

2229 2975 2544 3046 apostolica}
2586 2973 2732 3027 sedis
2780 2987 2879 3041 pro
2927 2970 3110 3025 heresi
3142 2984 3266 3024 eum
3308 2976 3603 3038 arguentes
3631 2979 3803 3020 carce-

2229 3068 2383 3122 ribus
2432 3075 2486 3122 et
2537 3066 2716 3122 exiliis
2771 3063 2992 3130 afﬂixit,
3048 3071 3104 3117 et
3143 3061 3430 3118 catholicis
3483 3061 3805 3128 ubicumque

2230 3159 2406 3231 potuit
2426 3159 2860 3229 persecutionem
2895 3155 3171 3210 excitavit.

2301 3247 2424 3302 650.
2467 3245 2732 3302 Martinus
2789 3260 2928 3314 papa
2985 3244 3283 3302 indictione
3347 3256 3498 3296 nona
3561 3241 3805 3297 sinodum

2231 3338 2418 3394 Romae
2462 3336 2565 3391 105
2614 3337 2998 3406 episcoporum
3048 3335 3272 3405 colligit,
3329 3334 3384 3387 in
3431 3349 3543 3404 qua
3587 3332 3806 3404 Cyrum,

2231 3430 2518 3501 Sergium,
2565 3427 2795 3484 Paulum
2851 3443 2977 3482 cum
3029 3425 3357 3497 sequacibus
3404 3425 3617 3480 erroris
3662 3424 3808 3479 dam-

2229 3513 2403 3578 navit.
3203 3510 3206 3512 ’

2297 3613 2420 3668 651.
2464 3611 2662 3666 Beatus
2703 3610 2950 3665 Aidanus
2984 3606 3296 3678 Scottigena
3324 3606 3394 3641 ⁸⁸⁸
3424 3606 3722 3677 episcopus
3757 3615 3810 3660 et

2227 3704 2420 3760 doctor
2454 3703 2776 3774 Anglorum,
2809 3701 2862 3754 2.
2898 3698 3015 3753 Kal.
3053 3698 3202 3768 Sept.
3235 3698 3496 3753 decessit.

2297 3795 2420 3850 652.
2463 3793 2577 3850 Hoc
2599 3804 2844 3863 tempore
2870 3789 3141 3860 Olimpius
3162 3790 3438 3858 exat-chus
3466 3805 3498 3843 a
3513 3789 3808 3846 Constante

2228 3885 2556 3955 imperatore
2609 3881 2817 3938 italiam
2853 3881 3090 3944 missus,
3124 3894 3250 3934 cum
3295 3879 3564 3933 domuum
3616 3892 3802 3948 papar-

2227 3983 2546 4043 ceterosque
2592 3972 2646 4026 in
2696 3971 2800 4026 fide
2853 3969 3121 4025 catholica
3177 3968 3466 4023 unanimes
3511 3967 3805 4039 depravare

2225 4063 2415 4132 eisque
2445 4076 2643 4118 nocere
2684 4075 2795 4116 non
2836 4066 3043 4130 posset,
3071 4057 3290 4112 tandem
3316 4073 3445 4112 cum
3488 4073 3633 4127 papa
3663 4056 3804 4126 paci«

2297 4161 2439 4206 atur.

2297 4161 2439 4206 atur.

2225 4153 2419 4298 ﬁc651’).
2462 4241 2520 4296 ln
2597 4239 2880 4295 Britannia
2931 4237 3204 4294 Honorius
3255 4238 3558 4309 Anglorum
3629 4236 3802 4291 archi-

2224 4333 2514 4403 episcopus
2544 4331 2698 4397 obiit,
2727 4345 2826 4399 pro
2839 4345 2950 4400 quo
2975 4328 3264 4384 Deusdedit
3287 4327 3351 4382 10
3382 4329 3546 4383 annis
3573 4327 3799 4398 praefuit.

2295 4423 2420 4477 654.
2463 4422 2663 4477 Beatus
2716 4437 2852 4491 papa
2907 4419 3172 4474 Martinus
3233 4419 3394 4488 jussu
3451 4418 3800 4481 Constantis,

2154 4516 2452 4592 Dherctici
2498 4515 2881 4584 imperatoris,
2933 4528 2988 4566 in
3043 4511 3270 4566 nasilica
3331 4509 3638 4566 Salvatoris
3689 4525 3801 4580 qua:

2225 4606 2677 4662 Constantiniana
2705 4606 2923 4670 dicitur,
2951 4602 3405 4673 comprehensus,
3445 4611 3502 4656 et
3533 4602 3800 4657 Constan-

2223 4697 2510 4768 tinopolim
2561 4689 2878 4766 perductus,
2907 4711 3033 4751 cum
3069 4695 3213 4749 ﬂecti
3252 4695 3572 4750 nullatenus
3605 4704 3797 4767 posset,

2223 4785 2389 4841 exilio
2424 4785 2480 4840 in
2507 4783 2749 4839 Cersona
2785 4783 3077 4838 damnatus
3101 4791 3209 4838 est.

2293 4873 2418 4933 655.
2461 4873 2728 4929 Martinus
2771 4889 2910 4944 papa
2939 4873 2995 4930 in
3023 4873 3188 4928 exilio
3216 4873 3473 4945 migravit
3509 4874 3580 4928 ad
3619 4872 3796 4929 Domi-

2222 4980 2377 5032 num,
2404 4965 2589 5034 ibique
2613 4965 2862 5034 sepultus
2889 4963 3173 5019 miraculis
3194 4963 3392 5018 claruit
3416 4964 3794 5033 postmodum;

2222 5073 2322 5098 nm
2343 5071 2454 5098 mut
2495 5055 2681 5098 anaa
2707 5055 2983 5098 Fine-9:23:22
3031 5069 3164 5098 nam:
3206 5055 3328 5094 '77“:
3388 5055 3530 5098 endit,
3562 5053 3791 5098 ςιπηίςί
