  <div class='ocr_page' id='page_1' title='image "/cluster/home/n/w/nwhite01/storage/ocr_20150623/148/hvd.32044015471840/666.png"; bbox 0 0 3996 5474; ppageno 0'>
   <div class='ocr_carea' id='block_1_1' title="bbox 267 255 407 314">
    <p class='ocr_par' dir='ltr' id='par_1_1' title="bbox 267 255 407 314">
     <span class='ocr_line' id='line_1_1' title="bbox 267 255 407 314; baseline -0.029 1"><span class='ocrx_word' id='word_1_1' title='bbox 267 255 407 314; x_wconf 67' lang='grc'>1557</span> 
     </span>
    </p>
   </div>
   <div class='ocr_carea' id='block_1_2' title="bbox 1149 239 2652 330">
    <p class='ocr_par' dir='ltr' id='par_1_2' title="bbox 1149 239 2652 330">
     <span class='ocr_line' id='line_1_2' title="bbox 1149 239 2652 330; baseline -0.001 -18"><span class='ocrx_word' id='word_1_2' title='bbox 1149 256 1440 313; x_wconf 64' lang='lat' dir='ltr'><strong>nemo.</strong></span> <span class='ocrx_word' id='word_1_3' title='bbox 1480 255 1568 311; x_wconf 89' lang='grc' dir='ltr'>ιιι.</span> <span class='ocrx_word' id='word_1_4' title='bbox 1603 284 1676 295; x_wconf 84' lang='grc'><strong>-</strong></span> <span class='ocrx_word' id='word_1_5' title='bbox 1714 239 2652 330; x_wconf 60' lang='grc' dir='ltr'><strong>ΜΟΗΗΜΕΝΤΑΕΚΕΟΟΒΙΑΝΑ.</strong></span> 
     </span>
    </p>
   </div>
   <div class='ocr_carea' id='block_1_3' title="bbox 234 365 3538 447">
    <p class='ocr_par' dir='ltr' id='par_1_3' title="bbox 234 365 3538 447">
     <span class='ocr_line' id='line_1_3' title="bbox 234 365 3538 447; baseline -0.004 -15"><span class='ocrx_word' id='word_1_6' title='bbox 234 406 237 409; x_wconf 96' lang='grc'><strong><em>-</em></strong></span> <span class='ocrx_word' id='word_1_7' title='bbox 267 376 422 432; x_wconf 99' lang='lat' dir='ltr'><strong>ciens</strong></span> <span class='ocrx_word' id='word_1_8' title='bbox 442 388 541 444; x_wconf 87' lang='lat' dir='ltr'><strong>pro</strong></span> <span class='ocrx_word' id='word_1_9' title='bbox 559 371 663 431; x_wconf 87' lang='lat' dir='ltr'><strong>ﬁde</strong></span> <span class='ocrx_word' id='word_1_10' title='bbox 684 387 806 441; x_wconf 81' lang='lat' dir='ltr'><strong>sua,</strong></span> <span class='ocrx_word' id='word_1_11' title='bbox 821 369 974 429; x_wconf 89' lang='lat' dir='ltr'><strong>misit</strong></span> <span class='ocrx_word' id='word_1_12' title='bbox 994 369 1228 435; x_wconf 84' lang='lat' dir='ltr'><strong>Romam</strong></span> <span class='ocrx_word' id='word_1_13' title='bbox 1246 371 1549 431; x_wconf 76' lang='lat' dir='ltr'><strong>sinodicam</strong></span> <span class='ocrx_word' id='word_1_14' title='bbox 1569 369 1855 441; x_wconf 87' lang='lat' dir='ltr'><strong>epistolam</strong></span> <span class='ocrx_word' id='word_1_15' title='bbox 1883 370 1931 425; x_wconf 80' lang='grc' dir='ltr'><strong>Α</strong></span> <span class='ocrx_word' id='word_1_16' title='bbox 1955 367 2050 438; x_wconf 86' lang='lat' dir='ltr'><strong>qui</strong></span> <span class='ocrx_word' id='word_1_17' title='bbox 2072 367 2343 439; x_wconf 81' lang='lat' dir='ltr'><strong>porticum</strong></span> <span class='ocrx_word' id='word_1_18' title='bbox 2367 369 2545 423; x_wconf 79' lang='lat' dir='ltr'><strong>sancti</strong></span> <span class='ocrx_word' id='word_1_19' title='bbox 2569 365 2717 422; x_wconf 88' lang='lat' dir='ltr'><strong>Petri</strong></span> <span class='ocrx_word' id='word_1_20' title='bbox 2751 381 3028 443; x_wconf 78' lang='lat' dir='ltr'><strong>marmore</strong></span> <span class='ocrx_word' id='word_1_21' title='bbox 3069 366 3293 423; x_wconf 78' lang='lat' dir='ltr'><strong>stravit.</strong></span> <span class='ocrx_word' id='word_1_22' title='bbox 3313 365 3538 447; x_wconf 75' lang='lat' dir='ltr'><strong>cometa</strong></span> 
     </span>
    </p>
   </div>
   <div class='ocr_carea' id='block_1_4' title="bbox 227 462 1867 532">
    <p class='ocr_par' dir='ltr' id='par_1_4' title="bbox 227 462 1867 532">
     <span class='ocr_line' id='line_1_4' title="bbox 227 462 1867 532; baseline -0.002 -13"><span class='ocrx_word' id='word_1_23' title='bbox 227 464 425 521; x_wconf 83' lang='lat' dir='ltr'><strong>&#39;valde</strong></span> <span class='ocrx_word' id='word_1_24' title='bbox 450 465 744 523; x_wconf 75' lang='lat' dir='ltr'><strong>obscuram</strong></span> <span class='ocrx_word' id='word_1_25' title='bbox 788 471 845 519; x_wconf 90' lang='lat' dir='ltr'><strong>et</strong></span> <span class='ocrx_word' id='word_1_26' title='bbox 887 463 1132 529; x_wconf 87' lang='lat' dir='ltr'><strong>dubiam,</strong></span> <span class='ocrx_word' id='word_1_27' title='bbox 1189 472 1273 519; x_wconf 85' lang='lat' dir='ltr'><strong>set</strong></span> <span class='ocrx_word' id='word_1_28' title='bbox 1315 480 1347 518; x_wconf 88' lang='lat' dir='ltr'><strong>a</strong></span> <span class='ocrx_word' id='word_1_29' title='bbox 1378 462 1579 518; x_wconf 87' lang='lat' dir='ltr'><strong>domno</strong></span> <span class='ocrx_word' id='word_1_30' title='bbox 1619 477 1757 532; x_wconf 85' lang='lat' dir='ltr'><strong>papa</strong></span> <span class='ocrx_word' id='word_1_31' title='bbox 1799 468 1867 523; x_wconf 51' lang='lat' dir='ltr'><strong>et,</strong></span> 
     </span>
    </p>
   </div>
   <div class='ocr_carea' id='block_1_5' title="bbox 267 554 1871 625">
    <p class='ocr_par' dir='ltr' id='par_1_5' title="bbox 267 554 1871 625">
     <span class='ocr_line' id='line_1_5' title="bbox 267 554 1871 625; baseline 0.001 -12"><span class='ocrx_word' id='word_1_32' title='bbox 267 555 485 615; x_wconf 63' lang='lat' dir='ltr'><strong>melcsia</strong></span> <span class='ocrx_word' id='word_1_33' title='bbox 513 554 762 611; x_wconf 85' lang='lat' dir='ltr'><strong>Romana</strong></span> <span class='ocrx_word' id='word_1_34' title='bbox 783 568 895 611; x_wconf 90' lang='lat' dir='ltr'><strong>non</strong></span> <span class='ocrx_word' id='word_1_35' title='bbox 919 563 1003 609; x_wconf 92' lang='lat' dir='ltr'><strong>est</strong></span> <span class='ocrx_word' id='word_1_36' title='bbox 1029 563 1271 625; x_wconf 89' lang='lat' dir='ltr'><strong>accepta.</strong></span> <span class='ocrx_word' id='word_1_37' title='bbox 1868 606 1871 615; x_wconf 47' lang='grc' dir='ltr'><em>ν</em></span> 
     </span>
    </p>
   </div>
   <div class='ocr_carea' id='block_1_6' title="bbox 339 643 1869 716">
    <p class='ocr_par' dir='ltr' id='par_1_6' title="bbox 339 643 1869 716">
     <span class='ocr_line' id='line_1_6' title="bbox 339 643 1869 716; baseline -0.003 -15"><span class='ocrx_word' id='word_1_38' title='bbox 339 645 464 701; x_wconf 84' lang='grc'>657.</span> <span class='ocrx_word' id='word_1_39' title='bbox 507 643 695 700; x_wconf 65' lang='lat' dir='ltr'><strong>Romae</strong></span> <span class='ocrx_word' id='word_1_40' title='bbox 721 643 967 716; x_wconf 85' lang='lat' dir='ltr'><strong>Eugenio</strong></span> <span class='ocrx_word' id='word_1_41' title='bbox 987 660 1128 716; x_wconf 85' lang='lat' dir='ltr'><strong>papa</strong></span> <span class='ocrx_word' id='word_1_42' title='bbox 1151 644 1428 713; x_wconf 74' lang='lat' dir='ltr'><strong>defuncto,</strong></span> <span class='ocrx_word' id='word_1_43' title='bbox 1472 644 1708 700; x_wconf 87' lang='lat' dir='ltr'><strong>cessavit</strong></span> <span class='ocrx_word' id='word_1_44' title='bbox 1739 643 1869 714; x_wconf 55' lang='lat' dir='ltr'><strong>epi-,</strong></span> 
     </span>
    </p>
   </div>
   <div class='ocr_carea' id='block_1_7' title="bbox 269 734 1265 807">
    <p class='ocr_par' dir='ltr' id='par_1_7' title="bbox 269 734 1265 807">
     <span class='ocr_line' id='line_1_7' title="bbox 269 734 1265 807; baseline -0.007 -14"><span class='ocrx_word' id='word_1_45' title='bbox 269 744 528 805; x_wconf 88' lang='lat' dir='ltr'><strong>scopatus</strong></span> <span class='ocrx_word' id='word_1_46' title='bbox 551 734 834 790; x_wconf 88' lang='lat' dir='ltr'><strong>mensibus</strong></span> <span class='ocrx_word' id='word_1_47' title='bbox 855 735 912 789; x_wconf 88' lang='grc'><strong>2.</strong></span> <span class='ocrx_word' id='word_1_48' title='bbox 1262 806 1265 807; x_wconf 15' lang='grc' dir='ltr'><em>ν</em></span> 
     </span>
    </p>
   </div>
   <div class='ocr_carea' id='block_1_8' title="bbox 302 826 1851 901">
    <p class='ocr_par' dir='ltr' id='par_1_8' title="bbox 302 826 1851 901">
     <span class='ocr_line' id='line_1_8' title="bbox 302 826 1851 901; baseline -0.002 -17"><span class='ocrx_word' id='word_1_49' title='bbox 302 894 309 899; x_wconf 32' lang='grc' dir='ltr'><strong>ε</strong></span> <span class='ocrx_word' id='word_1_50' title='bbox 341 827 466 884; x_wconf 81' lang='lat'><strong>658.</strong></span> <span class='ocrx_word' id='word_1_51' title='bbox 507 826 696 884; x_wconf 62' lang='lat' dir='ltr'><strong>Romae</strong></span> <span class='ocrx_word' id='word_1_52' title='bbox 718 826 1044 896; x_wconf 75' lang='lat' dir='ltr'><strong>Vitalianus,</strong></span> <span class='ocrx_word' id='word_1_53' title='bbox 1067 844 1207 901; x_wconf 87' lang='lat' dir='ltr'><strong>papa</strong></span> <span class='ocrx_word' id='word_1_54' title='bbox 1233 828 1382 896; x_wconf 67' lang='lat'><strong>78&#39;&quot;,</strong></span> <span class='ocrx_word' id='word_1_55' title='bbox 1406 828 1545 885; x_wconf 90' lang='lat' dir='ltr'><strong>sedit</strong></span> <span class='ocrx_word' id='word_1_56' title='bbox 1569 828 1731 884; x_wconf 90' lang='lat' dir='ltr'><strong>annis</strong></span> <span class='ocrx_word' id='word_1_57' title='bbox 1762 827 1851 894; x_wconf 68' lang='grc'>11,</span> 
     </span>
    </p>
   </div>
   <div class='ocr_carea' id='block_1_9' title="bbox 269 916 1867 995">
    <p class='ocr_par' dir='ltr' id='par_1_9' title="bbox 269 916 1867 995">
     <span class='ocr_line' id='line_1_9' title="bbox 269 916 1867 995; baseline 0 -23"><span class='ocrx_word' id='word_1_58' title='bbox 269 918 555 973; x_wconf 83' lang='lat' dir='ltr'><strong>mensibus</strong></span> <span class='ocrx_word' id='word_1_59' title='bbox 577 916 631 971; x_wconf 87' lang='lat'><strong>6.</strong></span> <span class='ocrx_word' id='word_1_60' title='bbox 665 917 733 950; x_wconf 78' lang='grc'>¹⁸¹</span> <span class='ocrx_word' id='word_1_61' title='bbox 755 916 863 985; x_wconf 85' lang='lat' dir='ltr'><strong>Qui</strong></span> <span class='ocrx_word' id='word_1_62' title='bbox 900 919 1076 974; x_wconf 90' lang='lat' dir='ltr'><strong>literis</strong></span> <span class='ocrx_word' id='word_1_63' title='bbox 1115 934 1184 974; x_wconf 84' lang='lat' dir='ltr'><strong>ex</strong></span> <span class='ocrx_word' id='word_1_64' title='bbox 1209 934 1363 974; x_wconf 86' lang='lat' dir='ltr'><strong>more</strong></span> <span class='ocrx_word' id='word_1_65' title='bbox 1392 918 1867 995; x_wconf 67' lang='lat' dir='ltr'><strong>Constantinopo-_</strong></span> 
     </span>
    </p>
   </div>
   <div class='ocr_carea' id='block_1_10' title="bbox 268 1007 1853 1078">
    <p class='ocr_par' dir='ltr' id='par_1_10' title="bbox 268 1007 1853 1078">
     <span class='ocr_line' id='line_1_10' title="bbox 268 1007 1853 1078; baseline 0.001 -15"><span class='ocrx_word' id='word_1_66' title='bbox 268 1007 365 1063; x_wconf 91' lang='lat' dir='ltr'><strong>lim</strong></span> <span class='ocrx_word' id='word_1_67' title='bbox 389 1007 577 1063; x_wconf 88' lang='lat' dir='ltr'><strong>missis</strong></span> <span class='ocrx_word' id='word_1_68' title='bbox 597 1007 652 1062; x_wconf 91' lang='lat' dir='ltr'><strong>in</strong></span> <span class='ocrx_word' id='word_1_69' title='bbox 679 1009 809 1066; x_wconf 88' lang='lat' dir='ltr'><strong>sede</strong></span> <span class='ocrx_word' id='word_1_70' title='bbox 836 1010 1216 1078; x_wconf 90' lang='lat' dir='ltr'><strong>conﬁrmatus,</strong></span> <span class='ocrx_word' id='word_1_71' title='bbox 1246 1011 1521 1067; x_wconf 76' lang='lat' dir='ltr'><strong>teclesiam</strong></span> <span class='ocrx_word' id='word_1_72' title='bbox 1547 1009 1853 1067; x_wconf 79' lang='lat' dir='ltr'><strong>Romanam</strong></span> 
     </span>
    </p>
   </div>
   <div class='ocr_carea' id='block_1_11' title="bbox 268 1096 1241 1170">
    <p class='ocr_par' dir='ltr' id='par_1_11' title="bbox 268 1096 1241 1170">
     <span class='ocr_line' id='line_1_11' title="bbox 268 1096 1241 1170; baseline 0 -19"><span class='ocrx_word' id='word_1_73' title='bbox 268 1096 559 1170; x_wconf 75' lang='lat' dir='ltr'><strong>insigniter</strong></span> <span class='ocrx_word' id='word_1_74' title='bbox 591 1098 754 1154; x_wconf 88' lang='lat' dir='ltr'><strong>rexit.</strong></span> <span class='ocrx_word' id='word_1_75' title='bbox 1114 1144 1119 1151; x_wconf 92' lang='lat'><strong>.</strong></span> <span class='ocrx_word' id='word_1_76' title='bbox 1227 1140 1241 1151; x_wconf 82' lang='lat'><strong>.</strong></span> 
     </span>
    </p>
   </div>
   <div class='ocr_carea' id='block_1_12' title="bbox 338 1187 1853 1263">
    <p class='ocr_par' dir='ltr' id='par_1_12' title="bbox 338 1187 1853 1263">
     <span class='ocr_line' id='line_1_12' title="bbox 338 1187 1853 1263; baseline 0.002 -20"><span class='ocrx_word' id='word_1_77' title='bbox 338 1189 463 1244; x_wconf 84' lang='lat'><strong>659.</strong></span> <span class='ocrx_word' id='word_1_78' title='bbox 503 1187 918 1259; x_wconf 85' lang='lat' dir='ltr'><strong>Constantinus,</strong></span> <span class='ocrx_word' id='word_1_79' title='bbox 972 1193 1068 1263; x_wconf 88' lang='lat' dir='ltr'><strong>qui</strong></span> <span class='ocrx_word' id='word_1_80' title='bbox 1122 1201 1177 1249; x_wconf 91' lang='lat' dir='ltr'><strong>et</strong></span> <span class='ocrx_word' id='word_1_81' title='bbox 1215 1192 1511 1259; x_wconf 85' lang='lat' dir='ltr'><strong>Constans,</strong></span> <span class='ocrx_word' id='word_1_82' title='bbox 1558 1192 1853 1262; x_wconf 79' lang='lat' dir='ltr'><strong>imperator</strong></span> 
     </span>
    </p>
   </div>
   <div class='ocr_carea' id='block_1_13' title="bbox 268 1277 1639 1352">
    <p class='ocr_par' dir='ltr' id='par_1_13' title="bbox 268 1277 1639 1352">
     <span class='ocr_line' id='line_1_13' title="bbox 268 1277 1639 1352; baseline 0.002 -16"><span class='ocrx_word' id='word_1_83' title='bbox 268 1286 466 1336; x_wconf 85' lang='lat' dir='ltr'><strong>sancto</strong></span> <span class='ocrx_word' id='word_1_84' title='bbox 494 1277 658 1335; x_wconf 74' lang='lat' dir='ltr'><strong>Petro</strong></span> <span class='ocrx_word' id='word_1_85' title='bbox 679 1280 911 1336; x_wconf 89' lang='lat' dir='ltr'><strong>donaria</strong></span> <span class='ocrx_word' id='word_1_86' title='bbox 946 1282 1195 1352; x_wconf 83' lang='lat' dir='ltr'><strong>preciosa</strong></span> <span class='ocrx_word' id='word_1_87' title='bbox 1216 1282 1449 1339; x_wconf 80' lang='lat' dir='ltr'><strong>Romam</strong></span> <span class='ocrx_word' id='word_1_88' title='bbox 1470 1282 1639 1339; x_wconf 86' lang='lat' dir='ltr'><strong>misit.</strong></span> 
     </span>
    </p>
   </div>
   <div class='ocr_carea' id='block_1_14' title="bbox 339 1368 1865 1447">
    <p class='ocr_par' dir='ltr' id='par_1_14' title="bbox 339 1368 1865 1447">
     <span class='ocr_line' id='line_1_14' title="bbox 339 1368 1865 1447; baseline 0.004 -23"><span class='ocrx_word' id='word_1_89' title='bbox 339 1369 464 1424; x_wconf 86' lang='lat'><strong>660.</strong></span> <span class='ocrx_word' id='word_1_90' title='bbox 502 1368 564 1424; x_wconf 91' lang='lat' dir='ltr'><strong>In</strong></span> <span class='ocrx_word' id='word_1_91' title='bbox 598 1369 754 1426; x_wconf 83' lang='lat' dir='ltr'><strong>italia</strong></span> <span class='ocrx_word' id='word_1_92' title='bbox 797 1370 1057 1428; x_wconf 80' lang='lat' dir='ltr'><strong>defuncto</strong></span> <span class='ocrx_word' id='word_1_93' title='bbox 1085 1389 1213 1446; x_wconf 89' lang='lat' dir='ltr'><strong>rege</strong></span> <span class='ocrx_word' id='word_1_94' title='bbox 1237 1373 1725 1447; x_wconf 85' lang='lat' dir='ltr'><strong>Longobardorum</strong></span> <span class='ocrx_word' id='word_1_95' title='bbox 1751 1372 1865 1443; x_wconf 83' lang='lat' dir='ltr'><strong>Ha-_</strong></span> 
     </span>
    </p>
   </div>
   <div class='ocr_carea' id='block_1_15' title="bbox 264 1460 1852 1535">
    <p class='ocr_par' dir='ltr' id='par_1_15' title="bbox 264 1460 1852 1535">
     <span class='ocr_line' id='line_1_15' title="bbox 264 1460 1852 1535; baseline 0.001 -16"><span class='ocrx_word' id='word_1_96' title='bbox 264 1460 497 1529; x_wconf 83' lang='lat' dir='ltr'><strong>riherto,</strong></span> <span class='ocrx_word' id='word_1_97' title='bbox 541 1462 653 1518; x_wconf 91' lang='lat' dir='ltr'><strong>duo</strong></span> <span class='ocrx_word' id='word_1_98' title='bbox 709 1463 806 1519; x_wconf 88' lang='lat' dir='ltr'><strong>ﬁlii</strong></span> <span class='ocrx_word' id='word_1_99' title='bbox 860 1464 982 1535; x_wconf 80' lang='lat' dir='ltr'><strong>ejus</strong></span> <span class='ocrx_word' id='word_1_100' title='bbox 1037 1463 1380 1521; x_wconf 86' lang='lat' dir='ltr'><strong>Godabertus</strong></span> <span class='ocrx_word' id='word_1_101' title='bbox 1427 1475 1484 1522; x_wconf 90' lang='lat' dir='ltr'><strong>et</strong></span> <span class='ocrx_word' id='word_1_102' title='bbox 1531 1466 1852 1524; x_wconf 87' lang='lat' dir='ltr'><strong>Pertharich</strong></span> 
     </span>
    </p>
   </div>
   <div class='ocr_carea' id='block_1_16' title="bbox 264 1553 1854 1626">
    <p class='ocr_par' dir='ltr' id='par_1_16' title="bbox 264 1553 1854 1626">
     <span class='ocr_line' id='line_1_16' title="bbox 264 1553 1854 1626; baseline 0.005 -20"><span class='ocrx_word' id='word_1_103' title='bbox 264 1567 496 1625; x_wconf 86' lang='lat' dir='ltr'><strong>regnum</strong></span> <span class='ocrx_word' id='word_1_104' title='bbox 528 1553 671 1609; x_wconf 89' lang='lat' dir='ltr'><strong>inter</strong></span> <span class='ocrx_word' id='word_1_105' title='bbox 694 1569 753 1610; x_wconf 90' lang='lat' dir='ltr'><strong>se</strong></span> <span class='ocrx_word' id='word_1_106' title='bbox 788 1554 1122 1623; x_wconf 83' lang='lat' dir='ltr'><strong>dividebant,</strong></span> <span class='ocrx_word' id='word_1_107' title='bbox 1152 1572 1389 1626; x_wconf 92' lang='lat' dir='ltr'><strong>quorum</strong></span> <span class='ocrx_word' id='word_1_108' title='bbox 1421 1573 1534 1614; x_wconf 91' lang='lat' dir='ltr'><strong>uno</strong></span> <span class='ocrx_word' id='word_1_109' title='bbox 1555 1558 1765 1626; x_wconf 88' lang='lat' dir='ltr'><strong>occiso,</strong></span> <span class='ocrx_word' id='word_1_110' title='bbox 1796 1558 1854 1615; x_wconf 90' lang='lat' dir='ltr'><strong>id</strong></span> 
     </span>
    </p>
   </div>
   <div class='ocr_carea' id='block_1_17' title="bbox 262 1641 1921 1720">
    <p class='ocr_par' dir='ltr' id='par_1_17' title="bbox 262 1641 1921 1720">
     <span class='ocr_line' id='line_1_17' title="bbox 262 1641 1921 1720; baseline 0.002 -21"><span class='ocrx_word' id='word_1_111' title='bbox 262 1653 350 1699; x_wconf 88' lang='lat' dir='ltr'><strong>est</strong></span> <span class='ocrx_word' id='word_1_112' title='bbox 395 1641 735 1713; x_wconf 89' lang='lat' dir='ltr'><strong>Godaberto,</strong></span> <span class='ocrx_word' id='word_1_113' title='bbox 785 1646 1065 1716; x_wconf 91' lang='lat' dir='ltr'><strong>alteroque</strong></span> <span class='ocrx_word' id='word_1_114' title='bbox 1111 1645 1301 1720; x_wconf 81' lang='lat' dir='ltr'><strong>fugato</strong></span> <span class='ocrx_word' id='word_1_115' title='bbox 1351 1647 1421 1703; x_wconf 90' lang='lat' dir='ltr'><strong>ad</strong></span> <span class='ocrx_word' id='word_1_116' title='bbox 1464 1646 1678 1715; x_wconf 81' lang='lat' dir='ltr'><strong>Hunos,</strong></span> <span class='ocrx_word' id='word_1_117' title='bbox 1729 1647 1854 1703; x_wconf 85' lang='lat' dir='ltr'><strong>Cri-</strong></span> <span class='ocrx_word' id='word_1_118' title='bbox 1884 1692 1921 1720; x_wconf 43' lang='lat' dir='ltr'><strong>ﬁ.</strong></span> 
     </span>
    </p>
   </div>
   <div class='ocr_carea' id='block_1_18' title="bbox 263 1733 1851 1810">
    <p class='ocr_par' dir='ltr' id='par_1_18' title="bbox 263 1733 1851 1810">
     <span class='ocr_line' id='line_1_18' title="bbox 263 1733 1851 1810; baseline 0.004 -21"><span class='ocrx_word' id='word_1_119' title='bbox 263 1733 517 1792; x_wconf 85' lang='lat' dir='ltr'><strong>moaldus</strong></span> <span class='ocrx_word' id='word_1_120' title='bbox 576 1735 688 1792; x_wconf 87' lang='lat' dir='ltr'><strong>dux</strong></span> <span class='ocrx_word' id='word_1_121' title='bbox 748 1735 1164 1795; x_wconf 85' lang='lat' dir='ltr'><strong>Beneventanus</strong></span> <span class='ocrx_word' id='word_1_122' title='bbox 1235 1754 1469 1810; x_wconf 85' lang='lat' dir='ltr'><strong>regnum</strong></span> <span class='ocrx_word' id='word_1_123' title='bbox 1530 1740 1851 1799; x_wconf 88' lang='lat' dir='ltr'><strong>eorumdem</strong></span> 
     </span>
    </p>
   </div>
   <div class='ocr_carea' id='block_1_19' title="bbox 264 1822 1341 1909">
    <p class='ocr_par' dir='ltr' id='par_1_19' title="bbox 264 1822 1341 1909">
     <span class='ocr_line' id='line_1_19' title="bbox 264 1822 1341 1909; baseline 0.009 -28"><span class='ocrx_word' id='word_1_124' title='bbox 264 1826 524 1909; x_wconf 65' lang='lat' dir='ltr'><strong>obtinuit.</strong></span> <span class='ocrx_word' id='word_1_125' title='bbox 1338 1822 1341 1825; x_wconf 9' lang='lat' dir='ltr'><strong>b</strong></span> 
     </span>
    </p>
   </div>
   <div class='ocr_carea' id='block_1_20' title="bbox 336 1917 1849 1997">
    <p class='ocr_par' dir='ltr' id='par_1_20' title="bbox 336 1917 1849 1997">
     <span class='ocr_line' id='line_1_20' title="bbox 336 1917 1849 1997; baseline 0.006 -24"><span class='ocrx_word' id='word_1_126' title='bbox 336 1917 465 1974; x_wconf 87' lang='grc'>661.</span> <span class='ocrx_word' id='word_1_127' title='bbox 503 1917 618 1976; x_wconf 79' lang='lat' dir='ltr'><strong>Hoc</strong></span> <span class='ocrx_word' id='word_1_128' title='bbox 643 1927 887 1991; x_wconf 90' lang='lat' dir='ltr'><strong>tempore</strong></span> <span class='ocrx_word' id='word_1_129' title='bbox 913 1921 1250 1997; x_wconf 58' lang='lat' dir='ltr'><strong>Partharieh</strong></span> <span class='ocrx_word' id='word_1_130' title='bbox 1274 1922 1342 1978; x_wconf 90' lang='lat' dir='ltr'><strong>de</strong></span> <span class='ocrx_word' id='word_1_131' title='bbox 1376 1923 1544 1981; x_wconf 86' lang='lat' dir='ltr'><strong>exilio</strong></span> <span class='ocrx_word' id='word_1_132' title='bbox 1573 1939 1849 1982; x_wconf 84' lang='lat' dir='ltr'><strong>reversus.</strong></span> 
     </span>
    </p>
   </div>
   <div class='ocr_carea' id='block_1_21' title="bbox 262 2008 1385 2087">
    <p class='ocr_par' dir='ltr' id='par_1_21' title="bbox 262 2008 1385 2087">
     <span class='ocr_line' id='line_1_21' title="bbox 262 2008 1385 2087; baseline 0.005 -23"><span class='ocrx_word' id='word_1_133' title='bbox 262 2008 464 2066; x_wconf 82' lang='lat' dir='ltr'><strong>iterum</strong></span> <span class='ocrx_word' id='word_1_134' title='bbox 489 2010 547 2067; x_wconf 92' lang='lat' dir='ltr'><strong>in</strong></span> <span class='ocrx_word' id='word_1_135' title='bbox 575 2011 801 2068; x_wconf 78' lang='lat' dir='ltr'><strong>exilium</strong></span> <span class='ocrx_word' id='word_1_136' title='bbox 828 2014 910 2070; x_wconf 87' lang='lat' dir='ltr'><strong>ire</strong></span> <span class='ocrx_word' id='word_1_137' title='bbox 924 2022 1013 2070; x_wconf 87' lang='lat' dir='ltr'><strong>est</strong></span> <span class='ocrx_word' id='word_1_138' title='bbox 1044 2014 1385 2087; x_wconf 85' lang='lat' dir='ltr'><strong>compulsus.</strong></span> 
     </span>
    </p>
   </div>
   <div class='ocr_carea' id='block_1_22' title="bbox 334 2101 1853 2177">
    <p class='ocr_par' dir='ltr' id='par_1_22' title="bbox 334 2101 1853 2177">
     <span class='ocr_line' id='line_1_22' title="bbox 334 2101 1853 2177; baseline 0.007 -22"><span class='ocrx_word' id='word_1_139' title='bbox 334 2101 464 2157; x_wconf 90' lang='grc'>662.</span> <span class='ocrx_word' id='word_1_140' title='bbox 503 2101 922 2174; x_wconf 84' lang='lat' dir='ltr'><strong>Constantinus,</strong></span> <span class='ocrx_word' id='word_1_141' title='bbox 951 2105 1048 2175; x_wconf 91' lang='lat' dir='ltr'><strong>qui</strong></span> <span class='ocrx_word' id='word_1_142' title='bbox 1067 2115 1122 2161; x_wconf 90' lang='lat' dir='ltr'><strong>et</strong></span> <span class='ocrx_word' id='word_1_143' title='bbox 1147 2105 1440 2177; x_wconf 82' lang='lat' dir='ltr'><strong>Constans,</strong></span> <span class='ocrx_word' id='word_1_144' title='bbox 1472 2106 1683 2165; x_wconf 88' lang='lat' dir='ltr'><strong>Italiam</strong></span> <span class='ocrx_word' id='word_1_145' title='bbox 1720 2123 1853 2165; x_wconf 86' lang='lat' dir='ltr'><strong>con-</strong></span> 
     </span>
    </p>
   </div>
   <div class='ocr_carea' id='block_1_23' title="bbox 261 2187 1699 2269">
    <p class='ocr_par' dir='ltr' id='par_1_23' title="bbox 261 2187 1699 2269">
     <span class='ocr_line' id='line_1_23' title="bbox 261 2187 1699 2269; baseline 0.007 -23"><span class='ocrx_word' id='word_1_146' title='bbox 261 2200 348 2247; x_wconf 89' lang='lat' dir='ltr'><strong>tra</strong></span> <span class='ocrx_word' id='word_1_147' title='bbox 372 2192 766 2266; x_wconf 77' lang='lat' dir='ltr'><strong>Langobardos</strong></span> <span class='ocrx_word' id='word_1_148' title='bbox 800 2196 969 2263; x_wconf 82' lang='lat' dir='ltr'><strong>venit,</strong></span> <span class='ocrx_word' id='word_1_149' title='bbox 1007 2207 1089 2252; x_wconf 91' lang='lat' dir='ltr'><strong>set</strong></span> <span class='ocrx_word' id='word_1_150' title='bbox 1109 2187 1278 2253; x_wconf 83' lang='lat' dir='ltr'><strong>nichil</strong></span> <span class='ocrx_word' id='word_1_151' title='bbox 1306 2198 1554 2269; x_wconf 81' lang='lat' dir='ltr'><strong>profecit.</strong></span> <span class='ocrx_word' id='word_1_152' title='bbox 1690 2190 1699 2193; x_wconf 25' lang='lat' dir='ltr'><strong>M</strong></span> 
     </span>
    </p>
   </div>
   <div class='ocr_carea' id='block_1_24' title="bbox 334 2283 1849 2359">
    <p class='ocr_par' dir='ltr' id='par_1_24' title="bbox 334 2283 1849 2359">
     <span class='ocr_line' id='line_1_24' title="bbox 334 2283 1849 2359; baseline 0.006 -22"><span class='ocrx_word' id='word_1_153' title='bbox 334 2283 463 2339; x_wconf 85' lang='grc'>665.</span> <span class='ocrx_word' id='word_1_154' title='bbox 498 2284 897 2351; x_wconf 84' lang='lat' dir='ltr'><strong>Constantinus</strong></span> <span class='ocrx_word' id='word_1_155' title='bbox 948 2288 1247 2359; x_wconf 85' lang='lat' dir='ltr'><strong>imperator</strong></span> <span class='ocrx_word' id='word_1_156' title='bbox 1274 2289 1506 2347; x_wconf 85' lang='lat' dir='ltr'><strong>Romam</strong></span> <span class='ocrx_word' id='word_1_157' title='bbox 1543 2292 1712 2359; x_wconf 89' lang='lat' dir='ltr'><strong>venit,</strong></span> <span class='ocrx_word' id='word_1_158' title='bbox 1741 2302 1795 2349; x_wconf 87' lang='lat' dir='ltr'><strong>et</strong></span> <span class='ocrx_word' id='word_1_159' title='bbox 1820 2308 1849 2346; x_wconf 88' lang='lat' dir='ltr'><strong>a</strong></span> 
     </span>
    </p>
   </div>
   <div class='ocr_carea' id='block_1_25' title="bbox 264 2373 1859 2456">
    <p class='ocr_par' dir='ltr' id='par_1_25' title="bbox 264 2373 1859 2456">
     <span class='ocr_line' id='line_1_25' title="bbox 264 2373 1859 2456; baseline 0.008 -27"><span class='ocrx_word' id='word_1_160' title='bbox 264 2373 541 2456; x_wconf 69' lang='lat' dir='ltr'><strong>\‘italiano</strong></span> <span class='ocrx_word' id='word_1_161' title='bbox 572 2392 714 2448; x_wconf 89' lang='lat' dir='ltr'><strong>papa</strong></span> <span class='ocrx_word' id='word_1_162' title='bbox 745 2379 1398 2452; x_wconf 82' lang='lat' dir='ltr'><strong>honoriﬁce.susceptus,</strong></span> <span class='ocrx_word' id='word_1_163' title='bbox 1418 2444 1423 2449; x_wconf 50' lang='grc'>,</span> <span class='ocrx_word' id='word_1_164' title='bbox 1445 2392 1639 2440; x_wconf 89' lang='lat' dir='ltr'><strong>sancto</strong></span> <span class='ocrx_word' id='word_1_165' title='bbox 1687 2382 1859 2451; x_wconf 78' lang='lat' dir='ltr'><strong>Petro</strong></span> 
     </span>
    </p>
   </div>
   <div class='ocr_carea' id='block_1_26' title="bbox 261 2468 1855 2548">
    <p class='ocr_par' dir='ltr' id='par_1_26' title="bbox 261 2468 1855 2548">
     <span class='ocr_line' id='line_1_26' title="bbox 261 2468 1855 2548; baseline 0.009 -27"><span class='ocrx_word' id='word_1_166' title='bbox 261 2468 492 2538; x_wconf 85' lang='lat' dir='ltr'><strong>pallium</strong></span> <span class='ocrx_word' id='word_1_167' title='bbox 516 2484 655 2525; x_wconf 89' lang='lat' dir='ltr'><strong>auro</strong></span> <span class='ocrx_word' id='word_1_168' title='bbox 684 2472 868 2528; x_wconf 78' lang='lat' dir='ltr'><strong>textile</strong></span> <span class='ocrx_word' id='word_1_169' title='bbox 892 2473 1119 2543; x_wconf 89' lang='lat' dir='ltr'><strong>obtulit;</strong></span> <span class='ocrx_word' id='word_1_170' title='bbox 1149 2484 1235 2532; x_wconf 87' lang='lat' dir='ltr'><strong>set</strong></span> <span class='ocrx_word' id='word_1_171' title='bbox 1263 2486 1463 2535; x_wconf 87' lang='lat' dir='ltr'><strong>cuncta</strong></span> <span class='ocrx_word' id='word_1_172' title='bbox 1506 2493 1647 2548; x_wconf 90' lang='lat' dir='ltr'><strong>pene</strong></span> <span class='ocrx_word' id='word_1_173' title='bbox 1687 2493 1855 2535; x_wconf 83' lang='lat' dir='ltr'><strong>orna-</strong></span> 
     </span>
    </p>
   </div>
   <div class='ocr_carea' id='block_1_27' title="bbox 262 2561 1097 2621">
    <p class='ocr_par' dir='ltr' id='par_1_27' title="bbox 262 2561 1097 2621">
     <span class='ocr_line' id='line_1_27' title="bbox 262 2561 1097 2621; baseline 0.008 -7"><span class='ocrx_word' id='word_1_174' title='bbox 262 2567 453 2616; x_wconf 84' lang='lat' dir='ltr'><strong>menta</strong></span> <span class='ocrx_word' id='word_1_175' title='bbox 483 2561 636 2617; x_wconf 87' lang='lat' dir='ltr'><strong>urbis</strong></span> <span class='ocrx_word' id='word_1_176' title='bbox 663 2563 729 2595; x_wconf 81' lang='grc'><strong>¹⁹⁰</strong></span> <span class='ocrx_word' id='word_1_177' title='bbox 754 2563 984 2621; x_wconf 84' lang='lat' dir='ltr'><strong>abstulit</strong></span> <span class='ocrx_word' id='word_1_178' title='bbox 1008 2566 1097 2621; x_wconf 83' lang='grc'><strong>¹⁹⁰.</strong></span> 
     </span>
    </p>
   </div>
   <div class='ocr_carea' id='block_1_28' title="bbox 294 2644 1857 2722">
    <p class='ocr_par' dir='ltr' id='par_1_28' title="bbox 294 2644 1857 2722">
     <span class='ocr_line' id='line_1_28' title="bbox 294 2644 1857 2722; baseline 0.009 -18"><span class='ocrx_word' id='word_1_179' title='bbox 294 2644 299 2653; x_wconf 82' lang='grc'><em>’</em></span> <span class='ocrx_word' id='word_1_180' title='bbox 335 2649 463 2705; x_wconf 76' lang='grc'>664.</span> <span class='ocrx_word' id='word_1_181' title='bbox 503 2650 738 2722; x_wconf 86' lang='lat' dir='ltr'><strong>Eclipsis</strong></span> <span class='ocrx_word' id='word_1_182' title='bbox 774 2654 908 2710; x_wconf 87' lang='lat' dir='ltr'><strong>solis</strong></span> <span class='ocrx_word' id='word_1_183' title='bbox 954 2655 989 2711; x_wconf 86' lang='lat'><strong>5</strong></span> <span class='ocrx_word' id='word_1_184' title='bbox 1037 2653 1224 2711; x_wconf 84' lang='lat' dir='ltr'><strong>Nonas</strong></span> <span class='ocrx_word' id='word_1_185' title='bbox 1271 2655 1400 2714; x_wconf 81' lang='lat' dir='ltr'><strong>Maii</strong></span> <span class='ocrx_word' id='word_1_186' title='bbox 1440 2656 1606 2714; x_wconf 78' lang='lat' dir='ltr'><strong>facta.</strong></span> <span class='ocrx_word' id='word_1_187' title='bbox 1643 2656 1705 2714; x_wconf 79' lang='lat' dir='ltr'><strong>In</strong></span> <span class='ocrx_word' id='word_1_188' title='bbox 1731 2656 1857 2719; x_wconf 86' lang='lat' dir='ltr'><strong>Bri-.</strong></span> 
     </span>
    </p>
   </div>
   <div class='ocr_carea' id='block_1_29' title="bbox 262 2742 1850 2821">
    <p class='ocr_par' dir='ltr' id='par_1_29' title="bbox 262 2742 1850 2821">
     <span class='ocr_line' id='line_1_29' title="bbox 262 2742 1850 2821; baseline 0.004 -20"><span class='ocrx_word' id='word_1_189' title='bbox 262 2743 456 2801; x_wconf 66' lang='lat' dir='ltr'><strong>tenuia</strong></span> <span class='ocrx_word' id='word_1_190' title='bbox 476 2758 508 2798; x_wconf 92' lang='lat' dir='ltr'><strong>a</strong></span> <span class='ocrx_word' id='word_1_191' title='bbox 540 2742 742 2802; x_wconf 84' lang='lat' dir='ltr'><strong>Scottis</strong></span> <span class='ocrx_word' id='word_1_192' title='bbox 761 2753 816 2801; x_wconf 91' lang='lat' dir='ltr'><strong>et</strong></span> <span class='ocrx_word' id='word_1_193' title='bbox 846 2745 1041 2818; x_wconf 79' lang='lat' dir='ltr'><strong>Anglis</strong></span> <span class='ocrx_word' id='word_1_194' title='bbox 1069 2749 1302 2819; x_wconf 62' lang='lat' dir='ltr'><strong>quastio</strong></span> <span class='ocrx_word' id='word_1_195' title='bbox 1325 2750 1394 2805; x_wconf 90' lang='lat' dir='ltr'><strong>de</strong></span> <span class='ocrx_word' id='word_1_196' title='bbox 1427 2751 1632 2821; x_wconf 87' lang='lat' dir='ltr'><strong>pascha</strong></span> <span class='ocrx_word' id='word_1_197' title='bbox 1666 2752 1850 2808; x_wconf 84' lang='lat' dir='ltr'><strong>venti-</strong></span> 
     </span>
    </p>
   </div>
   <div class='ocr_carea' id='block_1_30' title="bbox 264 2832 1854 2913">
    <p class='ocr_par' dir='ltr' id='par_1_30' title="bbox 264 2832 1854 2913">
     <span class='ocr_line' id='line_1_30' title="bbox 264 2832 1854 2913; baseline 0.011 -24"><span class='ocrx_word' id='word_1_198' title='bbox 264 2832 429 2903; x_wconf 83' lang='lat' dir='ltr'><strong>latur,</strong></span> <span class='ocrx_word' id='word_1_199' title='bbox 455 2843 513 2891; x_wconf 91' lang='lat' dir='ltr'><strong>et</strong></span> <span class='ocrx_word' id='word_1_200' title='bbox 554 2836 727 2894; x_wconf 82' lang='lat' dir='ltr'><strong>Scotti</strong></span> <span class='ocrx_word' id='word_1_201' title='bbox 753 2856 785 2894; x_wconf 89' lang='lat' dir='ltr'><strong>a</strong></span> <span class='ocrx_word' id='word_1_202' title='bbox 814 2838 1070 2897; x_wconf 77' lang='lat' dir='ltr'><strong>Wilfrido</strong></span> <span class='ocrx_word' id='word_1_203' title='bbox 1110 2844 1412 2913; x_wconf 88' lang='lat' dir='ltr'><strong>presbitero</strong></span> <span class='ocrx_word' id='word_1_204' title='bbox 1453 2844 1854 2907; x_wconf 75' lang='lat' dir='ltr'><strong>rationabiliter</strong></span> 
     </span>
    </p>
   </div>
   <div class='ocr_carea' id='block_1_31' title="bbox 263 2927 1846 3011">
    <p class='ocr_par' dir='ltr' id='par_1_31' title="bbox 263 2927 1846 3011">
     <span class='ocr_line' id='line_1_31' title="bbox 263 2927 1846 3011; baseline 0.005 -24"><span class='ocrx_word' id='word_1_205' title='bbox 263 2927 396 3008; x_wconf 81' lang='lat' dir='ltr'><strong>victi</strong></span> <span class='ocrx_word' id='word_1_206' title='bbox 415 2935 564 2995; x_wconf 83' lang='lat' dir='ltr'><strong>sunt,</strong></span> <span class='ocrx_word' id='word_1_207' title='bbox 584 2930 681 3000; x_wconf 85' lang='lat' dir='ltr'><strong>qui</strong></span> <span class='ocrx_word' id='word_1_208' title='bbox 702 2940 892 3001; x_wconf 89' lang='lat' dir='ltr'><strong>postea</strong></span> <span class='ocrx_word' id='word_1_209' title='bbox 907 2932 1199 3005; x_wconf 91' lang='lat' dir='ltr'><strong>episcopus</strong></span> <span class='ocrx_word' id='word_1_210' title='bbox 1217 2936 1505 2993; x_wconf 89' lang='lat' dir='ltr'><strong>ordinatur</strong></span> <span class='ocrx_word' id='word_1_211' title='bbox 1533 2938 1606 3008; x_wconf 80' lang='grc' dir='ltr'><strong>(υ.</strong></span> <span class='ocrx_word' id='word_1_212' title='bbox 1621 2956 1675 2994; x_wconf 91' lang='lat' dir='ltr'><strong>a.</strong></span> <span class='ocrx_word' id='word_1_213' title='bbox 1696 2939 1846 3011; x_wconf 85' lang='lat'><strong>678).</strong></span> 
     </span>
    </p>
   </div>
   <div class='ocr_carea' id='block_1_32' title="bbox 1952 460 2528 530">
    <p class='ocr_par' dir='ltr' id='par_1_32' title="bbox 1952 460 2528 530">
     <span class='ocr_line' id='line_1_32' title="bbox 1952 460 2528 530; baseline 0.002 -17"><span class='ocrx_word' id='word_1_214' title='bbox 1952 475 2055 530; x_wconf 87' lang='lat' dir='ltr'><strong>per</strong></span> <span class='ocrx_word' id='word_1_215' title='bbox 2073 460 2108 513; x_wconf 94' lang='grc'><strong>5</strong></span> <span class='ocrx_word' id='word_1_216' title='bbox 2140 474 2361 519; x_wconf 89' lang='lat' dir='ltr'><strong>menses</strong></span> <span class='ocrx_word' id='word_1_217' title='bbox 2390 460 2528 516; x_wconf 85' lang='lat' dir='ltr'><strong>visa.</strong></span> 
     </span>
    </p>
   </div>
   <div class='ocr_carea' id='block_1_33' title="bbox 1983 548 3540 627">
    <p class='ocr_par' dir='ltr' id='par_1_33' title="bbox 1983 548 3540 627">
     <span class='ocr_line' id='line_1_33' title="bbox 1983 548 3540 627; baseline -0.002 -21"><span class='ocrx_word' id='word_1_218' title='bbox 1983 610 2003 623; x_wconf 24' lang='grc' dir='ltr'><strong>,η</strong></span> <span class='ocrx_word' id='word_1_219' title='bbox 2024 552 2148 606; x_wconf 88' lang='grc'>677.</span> <span class='ocrx_word' id='word_1_220' title='bbox 2190 551 2430 608; x_wconf 67' lang='grc' dir='ltr'><strong>Αἰοιεεὶα</strong></span> <span class='ocrx_word' id='word_1_221' title='bbox 2462 550 2773 616; x_wconf 88' lang='lat' dir='ltr'><strong>Ravennas,</strong></span> <span class='ocrx_word' id='word_1_222' title='bbox 2809 566 2933 625; x_wconf 83' lang='lat' dir='ltr'><strong>quae</strong></span> <span class='ocrx_word' id='word_1_223' title='bbox 2969 548 3402 627; x_wconf 83' lang='lat' dir='ltr'><strong>autocephaliam</strong></span> <span class='ocrx_word' id='word_1_224' title='bbox 3436 550 3540 604; x_wconf 90' lang='lat' dir='ltr'><strong>sibi</strong></span> 
     </span>
    </p>
   </div>
   <div class='ocr_carea' id='block_1_34' title="bbox 1954 641 3545 717">
    <p class='ocr_par' dir='ltr' id='par_1_34' title="bbox 1954 641 3545 717">
     <span class='ocr_line' id='line_1_34' title="bbox 1954 641 3545 717; baseline -0.001 -19"><span class='ocrx_word' id='word_1_225' title='bbox 1954 658 2231 714; x_wconf 88' lang='lat' dir='ltr'><strong>usurpans</strong></span> <span class='ocrx_word' id='word_1_226' title='bbox 2256 659 2285 697; x_wconf 89' lang='lat' dir='ltr'><strong>a</strong></span> <span class='ocrx_word' id='word_1_227' title='bbox 2312 642 2564 717; x_wconf 80' lang='lat' dir='ltr'><strong>Romana</strong></span> <span class='ocrx_word' id='word_1_228' title='bbox 2592 643 2921 709; x_wconf 80' lang='lat' dir='ltr'><strong>desciverat,</strong></span> <span class='ocrx_word' id='word_1_229' title='bbox 2950 642 3103 697; x_wconf 86' lang='lat' dir='ltr'><strong>Dono</strong></span> <span class='ocrx_word' id='word_1_230' title='bbox 3148 659 3302 712; x_wconf 84' lang='lat' dir='ltr'><strong>papae</strong></span> <span class='ocrx_word' id='word_1_231' title='bbox 3346 658 3405 697; x_wconf 90' lang='lat' dir='ltr'><strong>sc</strong></span> <span class='ocrx_word' id='word_1_232' title='bbox 3440 641 3545 697; x_wconf 49' lang='lat' dir='ltr'><strong>ite.</strong></span> 
     </span>
    </p>
   </div>
   <div class='ocr_carea' id='block_1_35' title="bbox 1953 734 3371 811">
    <p class='ocr_par' dir='ltr' id='par_1_35' title="bbox 1953 734 3371 811">
     <span class='ocr_line' id='line_1_35' title="bbox 1953 734 3371 811; baseline -0.001 -22"><span class='ocrx_word' id='word_1_233' title='bbox 1953 749 2077 797; x_wconf 81' lang='lat' dir='ltr'><strong>rum</strong></span> <span class='ocrx_word' id='word_1_234' title='bbox 2113 734 2363 805; x_wconf 85' lang='lat' dir='ltr'><strong>subjecit.</strong></span> <span class='ocrx_word' id='word_1_235' title='bbox 3138 790 3141 795; x_wconf 31' lang='grc' dir='ltr'><strong><em>λ</em></strong></span> <span class='ocrx_word' id='word_1_236' title='bbox 3366 806 3371 811; x_wconf 11' lang='grc' dir='ltr'><strong>ἢ</strong></span> 
     </span>
    </p>
   </div>
   <div class='ocr_carea' id='block_1_36' title="bbox 1983 821 3543 899">
    <p class='ocr_par' dir='ltr' id='par_1_36' title="bbox 1983 821 3543 899">
     <span class='ocr_line' id='line_1_36' title="bbox 1983 821 3543 899; baseline -0.001 -20"><span class='ocrx_word' id='word_1_237' title='bbox 1983 894 1991 899; x_wconf 34' lang='grc'><em>,</em></span> <span class='ocrx_word' id='word_1_238' title='bbox 2026 824 2152 879; x_wconf 88' lang='lat'><strong>678.</strong></span> <span class='ocrx_word' id='word_1_239' title='bbox 2195 823 2383 879; x_wconf 65' lang='lat' dir='ltr'><strong>Romae</strong></span> <span class='ocrx_word' id='word_1_240' title='bbox 2406 824 2665 880; x_wconf 77' lang='lat' dir='ltr'><strong>defuncto</strong></span> <span class='ocrx_word' id='word_1_241' title='bbox 2684 823 2999 895; x_wconf 91' lang='lat' dir='ltr'><strong>Dono,post</strong></span> <span class='ocrx_word' id='word_1_242' title='bbox 3017 825 3052 879; x_wconf 89' lang='grc'><strong>2</strong></span> <span class='ocrx_word' id='word_1_243' title='bbox 3067 839 3283 879; x_wconf 84' lang='lat' dir='ltr'><strong>menses</strong></span> <span class='ocrx_word' id='word_1_244' title='bbox 3306 821 3543 895; x_wconf 81' lang='lat' dir='ltr'><strong>Agatho,</strong></span> 
     </span>
    </p>
   </div>
   <div class='ocr_carea' id='block_1_37' title="bbox 1954 914 3553 995">
    <p class='ocr_par' dir='ltr' id='par_1_37' title="bbox 1954 914 3553 995">
     <span class='ocr_line' id='line_1_37' title="bbox 1954 914 3553 995; baseline -0.004 -21"><span class='ocrx_word' id='word_1_245' title='bbox 1954 933 2095 991; x_wconf 87' lang='lat' dir='ltr'><strong>papa</strong></span> <span class='ocrx_word' id='word_1_246' title='bbox 2142 916 2298 983; x_wconf 63' lang='lat' dir='ltr'><strong>81M,</strong></span> <span class='ocrx_word' id='word_1_247' title='bbox 2347 916 2488 973; x_wconf 91' lang='lat' dir='ltr'><strong>sedit</strong></span> <span class='ocrx_word' id='word_1_248' title='bbox 2535 917 2695 971; x_wconf 88' lang='lat' dir='ltr'><strong>annis</strong></span> <span class='ocrx_word' id='word_1_249' title='bbox 2742 918 2799 983; x_wconf 84' lang='grc'>2,</span> <span class='ocrx_word' id='word_1_250' title='bbox 2840 916 3122 973; x_wconf 86' lang='lat' dir='ltr'><strong>mensibus</strong></span> <span class='ocrx_word' id='word_1_251' title='bbox 3172 916 3225 971; x_wconf 87' lang='lat'><strong>6.</strong></span> <span class='ocrx_word' id='word_1_252' title='bbox 3268 917 3333 947; x_wconf 84' lang='grc'>¹⁹²</span> <span class='ocrx_word' id='word_1_253' title='bbox 3362 914 3553 995; x_wconf 65' lang='lat' dir='ltr'><strong>(Gesta</strong></span> 
     </span>
    </p>
   </div>
   <div class='ocr_carea' id='block_1_38' title="bbox 1953 991 3541 1087">
    <p class='ocr_par' dir='ltr' id='par_1_38' title="bbox 1953 991 3541 1087">
     <span class='ocr_line' id='line_1_38' title="bbox 1953 991 3541 1087; baseline -0.002 -24"><span class='ocrx_word' id='word_1_254' title='bbox 1953 1018 2123 1085; x_wconf 82' lang='lat' dir='ltr'><strong>poutt.</strong></span> <span class='ocrx_word' id='word_1_255' title='bbox 2156 1007 2335 1078; x_wconf 88' lang='lat' dir='ltr'><strong>Rom.)</strong></span> <span class='ocrx_word' id='word_1_256' title='bbox 2371 1007 2476 1063; x_wconf 84' lang='lat' dir='ltr'><strong>Hic</strong></span> <span class='ocrx_word' id='word_1_257' title='bbox 2503 1026 2643 1087; x_wconf 74' lang='lat' dir='ltr'><strong>papa</strong></span> <span class='ocrx_word' id='word_1_258' title='bbox 2685 1009 2826 1079; x_wconf 82' lang='lat' dir='ltr'><strong>apud</strong></span> <span class='ocrx_word' id='word_1_259' title='bbox 2854 1010 3223 1080; x_wconf 80' lang='lat' dir='ltr'><strong>imperatorem</strong></span> <span class='ocrx_word' id='word_1_260' title='bbox 3257 991 3457 1079; x_wconf 56' lang='lat' dir='ltr'><strong>eﬂeeit,</strong></span> <span class='ocrx_word' id='word_1_261' title='bbox 3482 994 3541 1060; x_wconf 72' lang='lat' dir='ltr'><strong>ut</strong></span> 
     </span>
    </p>
   </div>
   <div class='ocr_carea' id='block_1_39' title="bbox 1862 1097 3545 1181">
    <p class='ocr_par' dir='ltr' id='par_1_39' title="bbox 1862 1097 3545 1181">
     <span class='ocr_line' id='line_1_39' title="bbox 1862 1097 3545 1181; baseline -0.002 -25"><span class='ocrx_word' id='word_1_262' title='bbox 1862 1150 1872 1169; x_wconf 80' lang='lat'><strong>,</strong></span> <span class='ocrx_word' id='word_1_263' title='bbox 1953 1097 2231 1173; x_wconf 75' lang='lat' dir='ltr'><strong>quantitas</strong></span> <span class='ocrx_word' id='word_1_264' title='bbox 2258 1098 2600 1168; x_wconf 81' lang='lat' dir='ltr'><strong>relevaretur,</strong></span> <span class='ocrx_word' id='word_1_265' title='bbox 2627 1119 2745 1173; x_wconf 79' lang='lat' dir='ltr'><strong>qua:</strong></span> <span class='ocrx_word' id='word_1_266' title='bbox 2781 1119 2876 1173; x_wconf 89' lang='lat' dir='ltr'><strong>pro</strong></span> <span class='ocrx_word' id='word_1_267' title='bbox 2911 1100 3545 1181; x_wconf 78' lang='lat' dir='ltr'><strong>ordinationeponti/icis</strong></span> 
     </span>
    </p>
   </div>
   <div class='ocr_carea' id='block_1_40' title="bbox 1955 1190 3668 1264">
    <p class='ocr_par' dir='ltr' id='par_1_40' title="bbox 1955 1190 3668 1264">
     <span class='ocr_line' id='line_1_40' title="bbox 1955 1190 3668 1264; baseline -0.003 -16"><span class='ocrx_word' id='word_1_268' title='bbox 1955 1193 2120 1263; x_wconf 64' lang='lat' dir='ltr'><strong>solita</strong></span> <span class='ocrx_word' id='word_1_269' title='bbox 2150 1202 2267 1248; x_wconf 85' lang='lat' dir='ltr'><strong>erat</strong></span> <span class='ocrx_word' id='word_1_270' title='bbox 2316 1194 2475 1259; x_wconf 82' lang='lat' dir='ltr'><strong>dari;</strong></span> <span class='ocrx_word' id='word_1_271' title='bbox 2502 1195 2581 1248; x_wconf 85' lang='lat' dir='ltr'><strong>ita</strong></span> <span class='ocrx_word' id='word_1_272' title='bbox 2613 1202 2789 1248; x_wconf 86' lang='lat' dir='ltr'><strong>tamen</strong></span> <span class='ocrx_word' id='word_1_273' title='bbox 2814 1202 2871 1248; x_wconf 89' lang='lat' dir='ltr'><strong>ut</strong></span> <span class='ocrx_word' id='word_1_274' title='bbox 2918 1194 3186 1249; x_wconf 84' lang='lat' dir='ltr'><strong>decretum</strong></span> <span class='ocrx_word' id='word_1_275' title='bbox 3214 1190 3454 1264; x_wconf 81' lang='lat' dir='ltr'><strong>generale</strong></span> <span class='ocrx_word' id='word_1_276' title='bbox 3483 1191 3548 1244; x_wconf 85' lang='lat' dir='ltr'><strong>de</strong></span> <span class='ocrx_word' id='word_1_277' title='bbox 3648 1205 3668 1218; x_wconf 57' lang='grc' dir='ltr'>δ</span> 
     </span>
    </p>
   </div>
   <div class='ocr_carea' id='block_1_41' title="bbox 1953 1285 3548 1357">
    <p class='ocr_par' dir='ltr' id='par_1_41' title="bbox 1953 1285 3548 1357">
     <span class='ocr_line' id='line_1_41' title="bbox 1953 1285 3548 1357; baseline -0.006 -16"><span class='ocrx_word' id='word_1_278' title='bbox 1953 1286 2205 1341; x_wconf 77' lang='lat' dir='ltr'><strong>electione</strong></span> <span class='ocrx_word' id='word_1_279' title='bbox 2224 1302 2378 1357; x_wconf 74' lang='lat' dir='ltr'><strong>papa:</strong></span> <span class='ocrx_word' id='word_1_280' title='bbox 2397 1287 2546 1356; x_wconf 75' lang='lat' dir='ltr'><strong>prius</strong></span> <span class='ocrx_word' id='word_1_281' title='bbox 2568 1285 2637 1340; x_wconf 84' lang='lat' dir='ltr'><strong>ad</strong></span> <span class='ocrx_word' id='word_1_282' title='bbox 2658 1286 3029 1355; x_wconf 79' lang='lat' dir='ltr'><strong>imperatorem</strong></span> <span class='ocrx_word' id='word_1_283' title='bbox 3056 1285 3548 1352; x_wconf 80' lang='lat' dir='ltr'><strong>mitteretur,quam</strong></span> 
     </span>
    </p>
   </div>
   <div class='ocr_carea' id='block_1_42' title="bbox 1954 1371 3549 1445">
    <p class='ocr_par' dir='ltr' id='par_1_42' title="bbox 1954 1371 3549 1445">
     <span class='ocr_line' id='line_1_42' title="bbox 1954 1371 3549 1445; baseline -0.002 -17"><span class='ocrx_word' id='word_1_284' title='bbox 1954 1373 2049 1428; x_wconf 86' lang='lat' dir='ltr'><strong>ille</strong></span> <span class='ocrx_word' id='word_1_285' title='bbox 2076 1383 2491 1430; x_wconf 75' lang='lat' dir='ltr'><strong>consecraretur.</strong></span> <span class='ocrx_word' id='word_1_286' title='bbox 2520 1374 2808 1430; x_wconf 79' lang='lat' dir='ltr'><strong>Wilfridus</strong></span> <span class='ocrx_word' id='word_1_287' title='bbox 2836 1373 3135 1445; x_wconf 85' lang='lat' dir='ltr'><strong>Anglorum</strong></span> <span class='ocrx_word' id='word_1_288' title='bbox 3163 1373 3454 1443; x_wconf 88' lang='lat' dir='ltr'><strong>episcopus</strong></span> <span class='ocrx_word' id='word_1_289' title='bbox 3478 1371 3549 1425; x_wconf 91' lang='lat' dir='ltr'><strong>ab</strong></span> 
     </span>
    </p>
   </div>
   <div class='ocr_carea' id='block_1_43' title="bbox 1955 1461 3550 1540">
    <p class='ocr_par' dir='ltr' id='par_1_43' title="bbox 1955 1461 3550 1540">
     <span class='ocr_line' id='line_1_43' title="bbox 1955 1461 3550 1540; baseline -0.005 -18"><span class='ocrx_word' id='word_1_290' title='bbox 1955 1465 2191 1539; x_wconf 86' lang='lat' dir='ltr'><strong>Egberto</strong></span> <span class='ocrx_word' id='word_1_291' title='bbox 2233 1482 2362 1540; x_wconf 89' lang='lat' dir='ltr'><strong>rege</strong></span> <span class='ocrx_word' id='word_1_292' title='bbox 2393 1468 2523 1524; x_wconf 89' lang='lat' dir='ltr'><strong>sede</strong></span> <span class='ocrx_word' id='word_1_293' title='bbox 2568 1482 2669 1523; x_wconf 85' lang='lat' dir='ltr'><strong>sua</strong></span> <span class='ocrx_word' id='word_1_294' title='bbox 2714 1466 2928 1537; x_wconf 89' lang='lat' dir='ltr'><strong>pulsus,</strong></span> <span class='ocrx_word' id='word_1_295' title='bbox 2958 1463 3161 1522; x_wconf 87' lang='lat' dir='ltr'><strong>multus</strong></span> <span class='ocrx_word' id='word_1_296' title='bbox 3209 1463 3263 1517; x_wconf 89' lang='lat' dir='ltr'><strong>in</strong></span> <span class='ocrx_word' id='word_1_297' title='bbox 3286 1462 3450 1517; x_wconf 84' lang='lat' dir='ltr'><strong>exilio</strong></span> <span class='ocrx_word' id='word_1_298' title='bbox 3480 1461 3550 1537; x_wconf 78' lang='lat' dir='ltr'><strong>ad</strong></span> 
     </span>
    </p>
   </div>
   <div class='ocr_carea' id='block_1_44' title="bbox 1954 1560 2571 1619">
    <p class='ocr_par' dir='ltr' id='par_1_44' title="bbox 1954 1560 2571 1619">
     <span class='ocr_line' id='line_1_44' title="bbox 1954 1560 2571 1619; baseline -0.005 0"><span class='ocrx_word' id='word_1_299' title='bbox 1954 1560 2252 1619; x_wconf 89' lang='lat' dir='ltr'><strong>Dominum</strong></span> <span class='ocrx_word' id='word_1_300' title='bbox 2277 1561 2571 1619; x_wconf 90' lang='lat' dir='ltr'><strong>convertit.</strong></span> 
     </span>
    </p>
   </div>
   <div class='ocr_carea' id='block_1_45' title="bbox 2027 1644 3545 1721">
    <p class='ocr_par' dir='ltr' id='par_1_45' title="bbox 2027 1644 3545 1721">
     <span class='ocr_line' id='line_1_45' title="bbox 2027 1644 3545 1721; baseline -0.009 -11"><span class='ocrx_word' id='word_1_301' title='bbox 2027 1654 2152 1712; x_wconf 85' lang='lat'><strong>679.</strong></span> <span class='ocrx_word' id='word_1_302' title='bbox 2193 1653 2592 1712; x_wconf 86' lang='lat' dir='ltr'><strong>Constantinus</strong></span> <span class='ocrx_word' id='word_1_303' title='bbox 2637 1659 2903 1721; x_wconf 83' lang='lat' dir='ltr'><strong>angustus</strong></span> <span class='ocrx_word' id='word_1_304' title='bbox 2938 1646 3263 1720; x_wconf 83' lang='lat' dir='ltr'><strong>legationem</strong></span> <span class='ocrx_word' id='word_1_305' title='bbox 3312 1644 3545 1698; x_wconf 85' lang='lat' dir='ltr'><strong>Romam</strong></span> 
     </span>
    </p>
   </div>
   <div class='ocr_carea' id='block_1_46' title="bbox 1953 1738 3546 1821">
    <p class='ocr_par' dir='ltr' id='par_1_46' title="bbox 1953 1738 3546 1821">
     <span class='ocr_line' id='line_1_46' title="bbox 1953 1738 3546 1821; baseline -0.009 -13"><span class='ocrx_word' id='word_1_306' title='bbox 1953 1751 2141 1819; x_wconf 88' lang='lat' dir='ltr'><strong>misit,</strong></span> <span class='ocrx_word' id='word_1_307' title='bbox 2199 1758 2354 1806; x_wconf 90' lang='lat' dir='ltr'><strong>etut</strong></span> <span class='ocrx_word' id='word_1_308' title='bbox 2403 1764 2505 1821; x_wconf 93' lang='lat' dir='ltr'><strong>pro</strong></span> <span class='ocrx_word' id='word_1_309' title='bbox 2570 1744 2920 1805; x_wconf 80' lang='lat' dir='ltr'><strong>confutandis</strong></span> <span class='ocrx_word' id='word_1_310' title='bbox 2989 1741 3247 1798; x_wconf 89' lang='lat' dir='ltr'><strong>hereticis</strong></span> <span class='ocrx_word' id='word_1_311' title='bbox 3318 1738 3546 1794; x_wconf 85' lang='lat' dir='ltr'><strong>sinodus</strong></span> 
     </span>
    </p>
   </div>
   <div class='ocr_carea' id='block_1_47' title="bbox 1952 1833 3546 1914">
    <p class='ocr_par' dir='ltr' id='par_1_47' title="bbox 1952 1833 3546 1914">
     <span class='ocr_line' id='line_1_47' title="bbox 1952 1833 3546 1914; baseline -0.009 -15"><span class='ocrx_word' id='word_1_312' title='bbox 1952 1843 2253 1914; x_wconf 88' lang='lat' dir='ltr'><strong>apostolica</strong></span> <span class='ocrx_word' id='word_1_313' title='bbox 2283 1841 2609 1898; x_wconf 86' lang='lat' dir='ltr'><strong>auctoritate</strong></span> <span class='ocrx_word' id='word_1_314' title='bbox 2631 1834 3110 1913; x_wconf 76' lang='lat' dir='ltr'><strong>Constantinopoli</strong></span> <span class='ocrx_word' id='word_1_315' title='bbox 3146 1833 3323 1898; x_wconf 89' lang='lat' dir='ltr'><strong>ﬁeret,</strong></span> <span class='ocrx_word' id='word_1_316' title='bbox 3353 1839 3546 1900; x_wconf 88' lang='lat' dir='ltr'><strong>postu-</strong></span> 
     </span>
    </p>
   </div>
   <div class='ocr_carea' id='block_1_48' title="bbox 1952 1922 3546 2006">
    <p class='ocr_par' dir='ltr' id='par_1_48' title="bbox 1952 1922 3546 2006">
     <span class='ocr_line' id='line_1_48' title="bbox 1952 1922 3546 2006; baseline -0.009 -15"><span class='ocrx_word' id='word_1_317' title='bbox 1952 1935 2103 1992; x_wconf 87' lang='lat' dir='ltr'><strong>lavit.</strong></span> <span class='ocrx_word' id='word_1_318' title='bbox 2132 1933 2349 2006; x_wconf 82' lang='lat' dir='ltr'><strong>Agatho</strong></span> <span class='ocrx_word' id='word_1_319' title='bbox 2381 1947 2522 2004; x_wconf 91' lang='lat' dir='ltr'><strong>papa</strong></span> <span class='ocrx_word' id='word_1_320' title='bbox 2546 1930 2803 1986; x_wconf 89' lang='lat' dir='ltr'><strong>sinodum</strong></span> <span class='ocrx_word' id='word_1_321' title='bbox 2830 1926 2934 1982; x_wconf 82' lang='grc'><strong>120</strong></span> <span class='ocrx_word' id='word_1_322' title='bbox 2951 1927 3333 1999; x_wconf 83' lang='lat' dir='ltr'><strong>episcoporum</strong></span> <span class='ocrx_word' id='word_1_323' title='bbox 3356 1922 3546 1978; x_wconf 77' lang='lat' dir='ltr'><strong>Romae</strong></span> 
     </span>
    </p>
   </div>
   <div class='ocr_carea' id='block_1_49' title="bbox 1951 2015 3542 2097">
    <p class='ocr_par' dir='ltr' id='par_1_49' title="bbox 1951 2015 3542 2097">
     <span class='ocr_line' id='line_1_49' title="bbox 1951 2015 3542 2097; baseline -0.006 -14"><span class='ocrx_word' id='word_1_324' title='bbox 1951 2026 2191 2097; x_wconf 86' lang='lat' dir='ltr'><strong>collegit,</strong></span> <span class='ocrx_word' id='word_1_325' title='bbox 2214 2034 2270 2082; x_wconf 86' lang='lat' dir='ltr'><strong>et</strong></span> <span class='ocrx_word' id='word_1_326' title='bbox 2303 2025 2574 2082; x_wconf 88' lang='lat' dir='ltr'><strong>hereticos</strong></span> <span class='ocrx_word' id='word_1_327' title='bbox 2600 2037 2768 2077; x_wconf 91' lang='lat' dir='ltr'><strong>unam</strong></span> <span class='ocrx_word' id='word_1_328' title='bbox 2813 2019 2867 2074; x_wconf 92' lang='lat' dir='ltr'><strong>in</strong></span> <span class='ocrx_word' id='word_1_329' title='bbox 2898 2018 3119 2087; x_wconf 81' lang='lat' dir='ltr'><strong>Christo</strong></span> <span class='ocrx_word' id='word_1_330' title='bbox 3162 2015 3542 2089; x_wconf 83' lang='lat' dir='ltr'><strong>operationem</strong></span> 
     </span>
    </p>
   </div>
   <div class='ocr_carea' id='block_1_50' title="bbox 1951 2115 2714 2192">
    <p class='ocr_par' dir='ltr' id='par_1_50' title="bbox 1951 2115 2714 2192">
     <span class='ocr_line' id='line_1_50' title="bbox 1951 2115 2714 2192; baseline -0.009 -16"><span class='ocrx_word' id='word_1_331' title='bbox 1951 2119 2385 2192; x_wconf 82' lang='lat' dir='ltr'><strong>dogmatizautes</strong></span> <span class='ocrx_word' id='word_1_332' title='bbox 2412 2115 2714 2174; x_wconf 87' lang='lat' dir='ltr'><strong>damnavit.</strong></span> 
     </span>
    </p>
   </div>
   <div class='ocr_carea' id='block_1_51' title="bbox 2022 2196 3547 2280">
    <p class='ocr_par' dir='ltr' id='par_1_51' title="bbox 2022 2196 3547 2280">
     <span class='ocr_line' id='line_1_51' title="bbox 2022 2196 3547 2280; baseline -0.01 -15"><span class='ocrx_word' id='word_1_333' title='bbox 2022 2210 2146 2265; x_wconf 89' lang='lat'><strong>680.</strong></span> <span class='ocrx_word' id='word_1_334' title='bbox 2190 2209 2421 2280; x_wconf 88' lang='lat' dir='ltr'><strong>Eclipsis</strong></span> <span class='ocrx_word' id='word_1_335' title='bbox 2466 2208 2637 2270; x_wconf 70' lang='lat' dir='ltr'><strong>lunae,</strong></span> <span class='ocrx_word' id='word_1_336' title='bbox 2693 2214 2746 2259; x_wconf 92' lang='lat' dir='ltr'><strong>et</strong></span> <span class='ocrx_word' id='word_1_337' title='bbox 2775 2220 2973 2274; x_wconf 81' lang='lat' dir='ltr'><strong>magna</strong></span> <span class='ocrx_word' id='word_1_338' title='bbox 3001 2201 3307 2257; x_wconf 82' lang='lat' dir='ltr'><strong>mortalitas</strong></span> <span class='ocrx_word' id='word_1_339' title='bbox 3357 2196 3547 2253; x_wconf 76' lang='lat' dir='ltr'><strong>Roma:</strong></span> 
     </span>
    </p>
   </div>
   <div class='ocr_carea' id='block_1_52' title="bbox 1952 2287 3548 2371">
    <p class='ocr_par' dir='ltr' id='par_1_52' title="bbox 1952 2287 3548 2371">
     <span class='ocr_line' id='line_1_52' title="bbox 1952 2287 3548 2371; baseline -0.011 -13"><span class='ocrx_word' id='word_1_340' title='bbox 1952 2298 2117 2358; x_wconf 78' lang='lat' dir='ltr'><strong>facta.</strong></span> <span class='ocrx_word' id='word_1_341' title='bbox 2142 2299 2365 2371; x_wconf 80' lang='lat' dir='ltr'><strong>Agatho</strong></span> <span class='ocrx_word' id='word_1_342' title='bbox 2385 2313 2526 2369; x_wconf 84' lang='lat' dir='ltr'><strong>papa</strong></span> <span class='ocrx_word' id='word_1_343' title='bbox 2572 2296 2781 2367; x_wconf 87' lang='lat' dir='ltr'><strong>legatos</strong></span> <span class='ocrx_word' id='word_1_344' title='bbox 2817 2291 3348 2361; x_wconf 87' lang='lat' dir='ltr'><strong>Constantinopolim</strong></span> <span class='ocrx_word' id='word_1_345' title='bbox 3395 2287 3548 2342; x_wconf 86' lang='lat' dir='ltr'><strong>misit</strong></span> 
     </span>
    </p>
   </div>
   <div class='ocr_carea' id='block_1_53' title="bbox 1954 2378 3546 2462">
    <p class='ocr_par' dir='ltr' id='par_1_53' title="bbox 1954 2378 3546 2462">
     <span class='ocr_line' id='line_1_53' title="bbox 1954 2378 3546 2462; baseline -0.008 -18"><span class='ocrx_word' id='word_1_346' title='bbox 1954 2388 2259 2462; x_wconf 80' lang='lat' dir='ltr'><strong>indictione</strong></span> <span class='ocrx_word' id='word_1_347' title='bbox 2310 2386 2363 2441; x_wconf 91' lang='lat'><strong>9.</strong></span> <span class='ocrx_word' id='word_1_348' title='bbox 2395 2386 2501 2453; x_wconf 87' lang='lat' dir='ltr'><strong>Qui</strong></span> <span class='ocrx_word' id='word_1_349' title='bbox 2542 2384 2847 2440; x_wconf 88' lang='lat' dir='ltr'><strong>honoriﬁce</strong></span> <span class='ocrx_word' id='word_1_350' title='bbox 2883 2383 2952 2438; x_wconf 89' lang='lat' dir='ltr'><strong>ab</strong></span> <span class='ocrx_word' id='word_1_351' title='bbox 2999 2389 3233 2453; x_wconf 89' lang='lat' dir='ltr'><strong>augusto</strong></span> <span class='ocrx_word' id='word_1_352' title='bbox 3285 2378 3546 2450; x_wconf 85' lang='lat' dir='ltr'><strong>suscepti,</strong></span> 
     </span>
    </p>
   </div>
   <div class='ocr_carea' id='block_1_54' title="bbox 1952 2468 3549 2544">
    <p class='ocr_par' dir='ltr' id='par_1_54' title="bbox 1952 2468 3549 2544">
     <span class='ocr_line' id='line_1_54' title="bbox 1952 2468 3549 2544; baseline -0.01 -6"><span class='ocrx_word' id='word_1_353' title='bbox 1952 2492 2123 2538; x_wconf 70' lang='lat' dir='ltr'><strong>sexta:</strong></span> <span class='ocrx_word' id='word_1_354' title='bbox 2143 2479 2340 2537; x_wconf 88' lang='lat' dir='ltr'><strong>sinodo</strong></span> <span class='ocrx_word' id='word_1_355' title='bbox 2392 2477 2690 2534; x_wconf 86' lang='lat' dir='ltr'><strong>universali</strong></span> <span class='ocrx_word' id='word_1_356' title='bbox 2744 2475 2846 2531; x_wconf 80' lang='grc'><strong>150</strong></span> <span class='ocrx_word' id='word_1_357' title='bbox 2883 2475 3271 2544; x_wconf 87' lang='lat' dir='ltr'><strong>episc0porum</strong></span> <span class='ocrx_word' id='word_1_358' title='bbox 3316 2468 3549 2540; x_wconf 58' lang='lat' dir='ltr'><strong>praefue-</strong></span> 
     </span>
    </p>
   </div>
   <div class='ocr_carea' id='block_1_55' title="bbox 1953 2560 3547 2639">
    <p class='ocr_par' dir='ltr' id='par_1_55' title="bbox 1953 2560 3547 2639">
     <span class='ocr_line' id='line_1_55' title="bbox 1953 2560 3547 2639; baseline -0.012 -9"><span class='ocrx_word' id='word_1_359' title='bbox 1953 2581 2106 2639; x_wconf 87' lang='lat' dir='ltr'><strong>runt,</strong></span> <span class='ocrx_word' id='word_1_360' title='bbox 2136 2580 2191 2627; x_wconf 90' lang='lat' dir='ltr'><strong>et</strong></span> <span class='ocrx_word' id='word_1_361' title='bbox 2218 2570 2502 2628; x_wconf 90' lang='lat' dir='ltr'><strong>convictos</strong></span> <span class='ocrx_word' id='word_1_362' title='bbox 2541 2567 2837 2630; x_wconf 90' lang='lat' dir='ltr'><strong>hereticos,</strong></span> <span class='ocrx_word' id='word_1_363' title='bbox 2870 2580 3037 2619; x_wconf 87' lang='lat' dir='ltr'><strong>unam</strong></span> <span class='ocrx_word' id='word_1_364' title='bbox 3077 2564 3132 2616; x_wconf 92' lang='lat' dir='ltr'><strong>in</strong></span> <span class='ocrx_word' id='word_1_365' title='bbox 3183 2560 3404 2629; x_wconf 78' lang='lat' dir='ltr'><strong>Christo</strong></span> <span class='ocrx_word' id='word_1_366' title='bbox 3449 2573 3547 2625; x_wconf 73' lang='lat' dir='ltr'><strong>vo-</strong></span> 
     </span>
    </p>
   </div>
   <div class='ocr_carea' id='block_1_56' title="bbox 1953 2644 3544 2732">
    <p class='ocr_par' dir='ltr' id='par_1_56' title="bbox 1953 2644 3544 2732">
     <span class='ocr_line' id='line_1_56' title="bbox 1953 2644 3544 2732; baseline -0.013 -11"><span class='ocrx_word' id='word_1_367' title='bbox 1953 2664 2220 2721; x_wconf 88' lang='lat' dir='ltr'><strong>luntatem</strong></span> <span class='ocrx_word' id='word_1_368' title='bbox 2259 2670 2316 2717; x_wconf 92' lang='lat' dir='ltr'><strong>et</strong></span> <span class='ocrx_word' id='word_1_369' title='bbox 2342 2658 2716 2732; x_wconf 82' lang='lat' dir='ltr'><strong>Operationem</strong></span> <span class='ocrx_word' id='word_1_370' title='bbox 2763 2660 3095 2729; x_wconf 78' lang='lat' dir='ltr'><strong>asserentes,</strong></span> <span class='ocrx_word' id='word_1_371' title='bbox 3122 2644 3544 2721; x_wconf 78' lang='lat' dir='ltr'><strong>damnaverunt,</strong></span> 
     </span>
    </p>
   </div>
   <div class='ocr_carea' id='block_1_57' title="bbox 1955 2740 3545 2827">
    <p class='ocr_par' dir='ltr' id='par_1_57' title="bbox 1955 2740 3545 2827">
     <span class='ocr_line' id='line_1_57' title="bbox 1955 2740 3545 2827; baseline -0.009 -18"><span class='ocrx_word' id='word_1_372' title='bbox 1955 2756 2024 2827; x_wconf 57' lang='lat' dir='ltr'><strong>‘P&#39;</strong></span> <span class='ocrx_word' id='word_1_373' title='bbox 2043 2765 2092 2810; x_wconf 89' lang='lat' dir='ltr'><strong>et</strong></span> <span class='ocrx_word' id='word_1_374' title='bbox 2114 2755 2148 2810; x_wconf 89' lang='lat'><strong>9</strong></span> <span class='ocrx_word' id='word_1_375' title='bbox 2176 2752 2417 2825; x_wconf 86' lang='lat' dir='ltr'><strong>capitula</strong></span> <span class='ocrx_word' id='word_1_376' title='bbox 2434 2750 2877 2819; x_wconf 77' lang='lat' dir='ltr'><strong>conscripserunt.</strong></span> <span class='ocrx_word' id='word_1_377' title='bbox 2903 2743 3223 2803; x_wconf 88' lang='lat' dir='ltr'><strong>Theodorus</strong></span> <span class='ocrx_word' id='word_1_378' title='bbox 3241 2740 3545 2817; x_wconf 80' lang='lat' dir='ltr'><strong>Anglorum</strong></span> 
     </span>
    </p>
   </div>
   <div class='ocr_carea' id='block_1_58' title="bbox 1953 2837 3353 2917">
    <p class='ocr_par' dir='ltr' id='par_1_58' title="bbox 1953 2837 3353 2917">
     <span class='ocr_line' id='line_1_58' title="bbox 1953 2837 3353 2917; baseline -0.016 -9"><span class='ocrx_word' id='word_1_379' title='bbox 1953 2847 2403 2917; x_wconf 69' lang='lat' dir='ltr'><strong>archiepiscopus</strong></span> <span class='ocrx_word' id='word_1_380' title='bbox 2440 2841 2698 2898; x_wconf 87' lang='lat' dir='ltr'><strong>sinodum</strong></span> <span class='ocrx_word' id='word_1_381' title='bbox 2730 2837 2967 2910; x_wconf 87' lang='lat' dir='ltr'><strong>collegit.</strong></span> <span class='ocrx_word' id='word_1_382' title='bbox 3348 2892 3353 2897; x_wconf 45' lang='grc'>,</span> 
     </span>
    </p>
   </div>
   <div class='ocr_carea' id='block_1_59' title="bbox 1972 2922 3549 3003">
    <p class='ocr_par' dir='ltr' id='par_1_59' title="bbox 1972 2922 3549 3003">
     <span class='ocr_line' id='line_1_59' title="bbox 1972 2922 3549 3003; baseline -0.012 -9"><span class='ocrx_word' id='word_1_383' title='bbox 1972 2993 1989 2999; x_wconf 81' lang='lat'>_</span> <span class='ocrx_word' id='word_1_384' title='bbox 2023 2936 2148 2993; x_wconf 90' lang='grc'>681.</span> <span class='ocrx_word' id='word_1_385' title='bbox 2186 2930 2665 3003; x_wconf 88' lang='lat' dir='ltr'><strong>Constantinopoli</strong></span> <span class='ocrx_word' id='word_1_386' title='bbox 2715 2938 2867 3003; x_wconf 81' lang='lat' dir='ltr'><strong>sexta</strong></span> <span class='ocrx_word' id='word_1_387' title='bbox 2924 2926 3159 3003; x_wconf 79' lang='lat' dir='ltr'><strong>‘sinodus</strong></span> <span class='ocrx_word' id='word_1_388' title='bbox 3220 2922 3549 2997; x_wconf 75' lang='lat' dir='ltr'><strong>universalis</strong></span> 
     </span>
    </p>
   </div>
   <div class='ocr_carea' id='block_1_60' title="bbox 310 3004 3547 3107">
    <p class='ocr_par' dir='ltr' id='par_1_60' title="bbox 310 3004 3547 3107">
     <span class='ocr_line' id='line_1_60' title="bbox 310 3004 3547 3107; baseline -0.001 -34"><span class='ocrx_word' id='word_1_389' title='bbox 310 3004 465 3073; x_wconf 23' lang='lat'><strong>.665.</strong></span> <span class='ocrx_word' id='word_1_390' title='bbox 504 3019 661 3092; x_wconf 83' lang='lat' dir='ltr'><strong>Angli</strong></span> <span class='ocrx_word' id='word_1_391' title='bbox 699 3022 768 3077; x_wconf 87' lang='lat' dir='ltr'><strong>ad</strong></span> <span class='ocrx_word' id='word_1_392' title='bbox 793 3004 1125 3081; x_wconf 82' lang='lat' dir='ltr'><strong>Vitalianum</strong></span> <span class='ocrx_word' id='word_1_393' title='bbox 1155 3042 1351 3097; x_wconf 84' lang='lat' dir='ltr'><strong>papam</strong></span> <span class='ocrx_word' id='word_1_394' title='bbox 1374 3044 1475 3099; x_wconf 90' lang='lat' dir='ltr'><strong>pro</strong></span> <span class='ocrx_word' id='word_1_395' title='bbox 1503 3004 1764 3103; x_wconf 83' lang='lat' dir='ltr'><strong>episcopo</strong></span> <span class='ocrx_word' id='word_1_396' title='bbox 1795 3004 1853 3088; x_wconf 72' lang='lat' dir='ltr'><strong>et</strong></span> <span class='ocrx_word' id='word_1_397' title='bbox 1878 3050 1923 3107; x_wconf 68' lang='grc' dir='ltr'>ο</span> <span class='ocrx_word' id='word_1_398' title='bbox 1954 3028 2058 3085; x_wconf 82' lang='grc'><strong>150</strong></span> <span class='ocrx_word' id='word_1_399' title='bbox 2080 3020 2468 3098; x_wconf 86' lang='lat' dir='ltr'><strong>episcoporum</strong></span> <span class='ocrx_word' id='word_1_400' title='bbox 2494 3023 2790 3080; x_wconf 89' lang='lat' dir='ltr'><strong>indictione</strong></span> <span class='ocrx_word' id='word_1_401' title='bbox 2817 3035 2963 3077; x_wconf 88' lang='lat' dir='ltr'><strong>nona</strong></span> <span class='ocrx_word' id='word_1_402' title='bbox 3019 3032 3213 3074; x_wconf 81' lang='lat' dir='ltr'><strong>mense</strong></span> <span class='ocrx_word' id='word_1_403' title='bbox 3230 3006 3547 3107; x_wconf 76' lang='lat' dir='ltr'><strong>:Februario</strong></span> 
     </span>
    </p>
   </div>
   <div class='ocr_carea' id='block_1_61' title="bbox 266 3108 1679 3186">
    <p class='ocr_par' dir='ltr' id='par_1_61' title="bbox 266 3108 1679 3186">
     <span class='ocr_line' id='line_1_61' title="bbox 266 3108 1679 3186; baseline 0.009 -23"><span class='ocrx_word' id='word_1_404' title='bbox 266 3108 494 3164; x_wconf 90' lang='lat' dir='ltr'><strong>doctore</strong></span> <span class='ocrx_word' id='word_1_405' title='bbox 519 3111 854 3180; x_wconf 88' lang='lat' dir='ltr'><strong>postulatum</strong></span> <span class='ocrx_word' id='word_1_406' title='bbox 887 3112 1119 3170; x_wconf 84' lang='lat' dir='ltr'><strong>Romam</strong></span> <span class='ocrx_word' id='word_1_407' title='bbox 1141 3117 1385 3177; x_wconf 88' lang='lat' dir='ltr'><strong>mittunt.</strong></span> <span class='ocrx_word' id='word_1_408' title='bbox 1674 3182 1679 3186; x_wconf 56' lang='grc'>,</span> 
     </span>
    </p>
   </div>
   <div class='ocr_carea' id='block_1_62' title="bbox 337 3199 1854 3283">
    <p class='ocr_par' dir='ltr' id='par_1_62' title="bbox 337 3199 1854 3283">
     <span class='ocr_line' id='line_1_62' title="bbox 337 3199 1854 3283; baseline 0.011 -29"><span class='ocrx_word' id='word_1_409' title='bbox 337 3199 567 3281; x_wconf 27' lang='grc' dir='ltr'>668.ν1ιι</span> <span class='ocrx_word' id='word_1_410' title='bbox 622 3200 804 3258; x_wconf 87' lang='lat' dir='ltr'><strong>Sicilia</strong></span> <span class='ocrx_word' id='word_1_411' title='bbox 849 3203 1246 3265; x_wconf 87' lang='lat' dir='ltr'><strong>Constantinus</strong></span> <span class='ocrx_word' id='word_1_412' title='bbox 1293 3209 1610 3281; x_wconf 88' lang='lat' dir='ltr'><strong>imperator,</strong></span> <span class='ocrx_word' id='word_1_413' title='bbox 1655 3212 1751 3283; x_wconf 86' lang='lat' dir='ltr'><strong>qui</strong></span> <span class='ocrx_word' id='word_1_414' title='bbox 1799 3222 1854 3273; x_wconf 85' lang='lat' dir='ltr'><strong>et</strong></span> 
     </span>
    </p>
   </div>
   <div class='ocr_carea' id='block_1_63' title="bbox 265 3289 1856 3373">
    <p class='ocr_par' dir='ltr' id='par_1_63' title="bbox 265 3289 1856 3373">
     <span class='ocr_line' id='line_1_63' title="bbox 265 3289 1856 3373; baseline 0.01 -29"><span class='ocrx_word' id='word_1_415' title='bbox 265 3289 562 3359; x_wconf 86' lang='lat' dir='ltr'><strong>Constans,</strong></span> <span class='ocrx_word' id='word_1_416' title='bbox 586 3301 711 3361; x_wconf 89' lang='lat' dir='ltr'><strong>post</strong></span> <span class='ocrx_word' id='word_1_417' title='bbox 734 3294 935 3351; x_wconf 86' lang='lat' dir='ltr'><strong>multas</strong></span> <span class='ocrx_word' id='word_1_418' title='bbox 956 3296 1389 3367; x_wconf 55' lang='lat' dir='ltr'><strong>depraedationes</strong></span> <span class='ocrx_word' id='word_1_419' title='bbox 1421 3317 1518 3371; x_wconf 89' lang='lat' dir='ltr'><strong>per</strong></span> <span class='ocrx_word' id='word_1_420' title='bbox 1540 3303 1856 3373; x_wconf 73' lang='lat' dir='ltr'><strong>provincias</strong></span> 
     </span>
    </p>
   </div>
   <div class='ocr_carea' id='block_1_64' title="bbox 267 3381 1854 3463">
    <p class='ocr_par' dir='ltr' id='par_1_64' title="bbox 267 3381 1854 3463">
     <span class='ocr_line' id='line_1_64' title="bbox 267 3381 1854 3463; baseline 0.008 -27"><span class='ocrx_word' id='word_1_421' title='bbox 267 3389 442 3448; x_wconf 87' lang='lat' dir='ltr'><strong>actas,</strong></span> <span class='ocrx_word' id='word_1_422' title='bbox 466 3381 687 3436; x_wconf 86' lang='lat' dir='ltr'><strong>tandem</strong></span> <span class='ocrx_word' id='word_1_423' title='bbox 709 3398 741 3438; x_wconf 89' lang='lat' dir='ltr'><strong>a</strong></span> <span class='ocrx_word' id='word_1_424' title='bbox 776 3384 893 3440; x_wconf 90' lang='lat' dir='ltr'><strong>suis</strong></span> <span class='ocrx_word' id='word_1_425' title='bbox 940 3385 997 3440; x_wconf 93' lang='lat' dir='ltr'><strong>in</strong></span> <span class='ocrx_word' id='word_1_426' title='bbox 1031 3385 1229 3443; x_wconf 87' lang='lat' dir='ltr'><strong>balneo</strong></span> <span class='ocrx_word' id='word_1_427' title='bbox 1262 3399 1576 3461; x_wconf 89' lang='lat' dir='ltr'><strong>peremptus</strong></span> <span class='ocrx_word' id='word_1_428' title='bbox 1600 3400 1717 3459; x_wconf 83' lang='lat' dir='ltr'><strong>est;</strong></span> <span class='ocrx_word' id='word_1_429' title='bbox 1753 3408 1854 3463; x_wconf 87' lang='lat' dir='ltr'><strong>pro</strong></span> 
     </span>
    </p>
   </div>
   <div class='ocr_carea' id='block_1_65' title="bbox 265 3472 1857 3551">
    <p class='ocr_par' dir='ltr' id='par_1_65' title="bbox 265 3472 1857 3551">
     <span class='ocr_line' id='line_1_65' title="bbox 265 3472 1857 3551; baseline 0.009 -25"><span class='ocrx_word' id='word_1_430' title='bbox 265 3487 379 3541; x_wconf 88' lang='lat' dir='ltr'><strong>quo</strong></span> <span class='ocrx_word' id='word_1_431' title='bbox 404 3472 801 3530; x_wconf 87' lang='lat' dir='ltr'><strong>Constantinus</strong></span> <span class='ocrx_word' id='word_1_432' title='bbox 827 3475 949 3544; x_wconf 88' lang='lat' dir='ltr'><strong>ejus</strong></span> <span class='ocrx_word' id='word_1_433' title='bbox 980 3476 1126 3534; x_wconf 84' lang='lat' dir='ltr'><strong>ﬁlius</strong></span> <span class='ocrx_word' id='word_1_434' title='bbox 1161 3479 1408 3551; x_wconf 88' lang='lat' dir='ltr'><strong>regnavit</strong></span> <span class='ocrx_word' id='word_1_435' title='bbox 1436 3482 1597 3537; x_wconf 80' lang='lat' dir='ltr'><strong>annis</strong></span> <span class='ocrx_word' id='word_1_436' title='bbox 1629 3483 1721 3550; x_wconf 85' lang='grc'>17,</span> <span class='ocrx_word' id='word_1_437' title='bbox 1750 3483 1857 3539; x_wconf 78' lang='lat' dir='ltr'><strong>im-</strong></span> 
     </span>
    </p>
   </div>
   <div class='ocr_carea' id='block_1_66' title="bbox 266 3565 1854 3643">
    <p class='ocr_par' dir='ltr' id='par_1_66' title="bbox 266 3565 1854 3643">
     <span class='ocr_line' id='line_1_66' title="bbox 266 3565 1854 3643; baseline 0.007 -26"><span class='ocrx_word' id='word_1_438' title='bbox 266 3573 487 3631; x_wconf 86' lang='lat' dir='ltr'><strong>perator</strong></span> <span class='ocrx_word' id='word_1_439' title='bbox 527 3580 659 3620; x_wconf 91' lang='lat' dir='ltr'><strong>sane</strong></span> <span class='ocrx_word' id='word_1_440' title='bbox 685 3565 989 3643; x_wconf 87' lang='lat' dir='ltr'><strong>catholicus</strong></span> <span class='ocrx_word' id='word_1_441' title='bbox 1015 3575 1071 3622; x_wconf 89' lang='lat' dir='ltr'><strong>et</strong></span> <span class='ocrx_word' id='word_1_442' title='bbox 1096 3568 1242 3638; x_wconf 90' lang='lat' dir='ltr'><strong>pius.</strong></span> <span class='ocrx_word' id='word_1_443' title='bbox 1266 3567 1383 3627; x_wconf 87' lang='lat' dir='ltr'><strong>Hoc</strong></span> <span class='ocrx_word' id='word_1_444' title='bbox 1409 3586 1555 3627; x_wconf 87' lang='lat' dir='ltr'><strong>anno</strong></span> <span class='ocrx_word' id='word_1_445' title='bbox 1598 3571 1854 3630; x_wconf 76' lang='lat' dir='ltr'><strong>Theodo-</strong></span> 
     </span>
    </p>
   </div>
   <div class='ocr_carea' id='block_1_67' title="bbox 265 3657 1854 3734">
    <p class='ocr_par' dir='ltr' id='par_1_67' title="bbox 265 3657 1854 3734">
     <span class='ocr_line' id='line_1_67' title="bbox 265 3657 1854 3734; baseline 0.006 -21"><span class='ocrx_word' id='word_1_446' title='bbox 265 3670 364 3713; x_wconf 81' lang='lat' dir='ltr'><strong>rus</strong></span> <span class='ocrx_word' id='word_1_447' title='bbox 391 3657 836 3728; x_wconf 85' lang='lat' dir='ltr'><strong>archiepiscopus</strong></span> <span class='ocrx_word' id='word_1_448' title='bbox 883 3674 917 3713; x_wconf 91' lang='lat' dir='ltr'><strong>a</strong></span> <span class='ocrx_word' id='word_1_449' title='bbox 959 3657 1234 3716; x_wconf 73' lang='lat' dir='ltr'><strong>Yitaliano</strong></span> <span class='ocrx_word' id='word_1_450' title='bbox 1268 3676 1411 3734; x_wconf 85' lang='lat' dir='ltr'><strong>papa</strong></span> <span class='ocrx_word' id='word_1_451' title='bbox 1446 3663 1755 3732; x_wconf 84' lang='lat' dir='ltr'><strong>ordinatus,</strong></span> <span class='ocrx_word' id='word_1_452' title='bbox 1796 3674 1854 3721; x_wconf 91' lang='lat' dir='ltr'><strong>et</strong></span> 
     </span>
    </p>
   </div>
   <div class='ocr_carea' id='block_1_68' title="bbox 209 3747 1855 3825">
    <p class='ocr_par' dir='ltr' id='par_1_68' title="bbox 209 3747 1855 3825">
     <span class='ocr_line' id='line_1_68' title="bbox 209 3747 1855 3825; baseline 0.009 -25"><span class='ocrx_word' id='word_1_453' title='bbox 209 3805 213 3808; x_wconf 52' lang='grc'>,</span> <span class='ocrx_word' id='word_1_454' title='bbox 266 3762 395 3807; x_wconf 82' lang='lat' dir='ltr'><strong>cum</strong></span> <span class='ocrx_word' id='word_1_455' title='bbox 417 3747 663 3805; x_wconf 84' lang='lat' dir='ltr'><strong>Adriano</strong></span> <span class='ocrx_word' id='word_1_456' title='bbox 695 3748 893 3807; x_wconf 68' lang='lat' dir='ltr'><strong>abbate</strong></span> <span class='ocrx_word' id='word_1_457' title='bbox 942 3750 1015 3807; x_wconf 86' lang='lat' dir='ltr'><strong>ad</strong></span> <span class='ocrx_word' id='word_1_458' title='bbox 1052 3751 1259 3825; x_wconf 80' lang='lat' dir='ltr'><strong>Anglos</strong></span> <span class='ocrx_word' id='word_1_459' title='bbox 1301 3754 1537 3823; x_wconf 82' lang='lat' dir='ltr'><strong>missus,</strong></span> <span class='ocrx_word' id='word_1_460' title='bbox 1568 3758 1763 3814; x_wconf 80' lang='lat' dir='ltr'><strong>multis</strong></span> <span class='ocrx_word' id='word_1_461' title='bbox 1798 3768 1855 3814; x_wconf 88' lang='lat' dir='ltr'><strong>et</strong></span> 
     </span>
    </p>
   </div>
   <div class='ocr_carea' id='block_1_69' title="bbox 265 3830 1579 3912">
    <p class='ocr_par' dir='ltr' id='par_1_69' title="bbox 265 3830 1579 3912">
     <span class='ocr_line' id='line_1_69' title="bbox 265 3830 1579 3912; baseline 0.005 -19"><span class='ocrx_word' id='word_1_462' title='bbox 265 3838 438 3894; x_wconf 86' lang='lat' dir='ltr'><strong>verbo</strong></span> <span class='ocrx_word' id='word_1_463' title='bbox 465 3839 673 3910; x_wconf 76' lang='lat' dir='ltr'><strong>profuit</strong></span> <span class='ocrx_word' id='word_1_464' title='bbox 697 3848 753 3897; x_wconf 91' lang='lat' dir='ltr'><strong>et</strong></span> <span class='ocrx_word' id='word_1_465' title='bbox 783 3842 1053 3912; x_wconf 86' lang='lat' dir='ltr'><strong>exemplo.</strong></span> <span class='ocrx_word' id='word_1_466' title='bbox 1560 3830 1579 3845; x_wconf 67' lang='grc'><em>’</em></span> 
     </span>
    </p>
   </div>
   <div class='ocr_carea' id='block_1_70' title="bbox 289 3930 1318 4002">
    <p class='ocr_par' dir='ltr' id='par_1_70' title="bbox 289 3930 1318 4002">
     <span class='ocr_line' id='line_1_70' title="bbox 289 3930 1318 4002; baseline 0.006 -16"><span class='ocrx_word' id='word_1_467' title='bbox 289 3998 295 4002; x_wconf 88' lang='lat'><strong><em>_</em></strong></span> <span class='ocrx_word' id='word_1_468' title='bbox 339 3931 465 3987; x_wconf 88' lang='lat'><strong>669.</strong></span> <span class='ocrx_word' id='word_1_469' title='bbox 509 3930 800 3989; x_wconf 87' lang='lat' dir='ltr'><strong>Sarraceni</strong></span> <span class='ocrx_word' id='word_1_470' title='bbox 827 3932 1071 3990; x_wconf 87' lang='lat' dir='ltr'><strong>Siciliam</strong></span> <span class='ocrx_word' id='word_1_471' title='bbox 1100 3942 1318 3992; x_wconf 88' lang='lat' dir='ltr'><strong>vastant</strong></span> 
     </span>
    </p>
   </div>
   <div class='ocr_carea' id='block_1_71' title="bbox 340 4022 1853 4105">
    <p class='ocr_par' dir='ltr' id='par_1_71' title="bbox 340 4022 1853 4105">
     <span class='ocr_line' id='line_1_71' title="bbox 340 4022 1853 4105; baseline 0.007 -29"><span class='ocrx_word' id='word_1_472' title='bbox 340 4022 465 4077; x_wconf 90' lang='lat'><strong>670.</strong></span> <span class='ocrx_word' id='word_1_473' title='bbox 510 4022 569 4078; x_wconf 88' lang='lat' dir='ltr'><strong>In</strong></span> <span class='ocrx_word' id='word_1_474' title='bbox 592 4022 747 4089; x_wconf 84' lang='lat' dir='ltr'><strong>Italia</strong></span> <span class='ocrx_word' id='word_1_475' title='bbox 768 4033 992 4105; x_wconf 86' lang='lat' dir='ltr'><strong>mortuo</strong></span> <span class='ocrx_word' id='word_1_476' title='bbox 1013 4024 1329 4082; x_wconf 87' lang='lat' dir='ltr'><strong>Crimoaldo</strong></span> <span class='ocrx_word' id='word_1_477' title='bbox 1363 4026 1853 4100; x_wconf 89' lang='lat' dir='ltr'><strong>Longobardorum</strong></span> 
     </span>
    </p>
   </div>
   <div class='ocr_carea' id='block_1_72' title="bbox 267 4115 1855 4191">
    <p class='ocr_par' dir='ltr' id='par_1_72' title="bbox 267 4115 1855 4191">
     <span class='ocr_line' id='line_1_72' title="bbox 267 4115 1855 4191; baseline 0.004 -18"><span class='ocrx_word' id='word_1_478' title='bbox 267 4131 419 4191; x_wconf 79' lang='lat' dir='ltr'><strong>rege,</strong></span> <span class='ocrx_word' id='word_1_479' title='bbox 457 4115 780 4174; x_wconf 87' lang='lat' dir='ltr'><strong>Pertharich</strong></span> <span class='ocrx_word' id='word_1_480' title='bbox 831 4134 1063 4189; x_wconf 88' lang='lat' dir='ltr'><strong>regnum</strong></span> <span class='ocrx_word' id='word_1_481' title='bbox 1108 4128 1395 4191; x_wconf 89' lang='lat' dir='ltr'><strong>paternum</strong></span> <span class='ocrx_word' id='word_1_482' title='bbox 1446 4121 1513 4174; x_wconf 91' lang='grc'><strong>17</strong></span> <span class='ocrx_word' id='word_1_483' title='bbox 1547 4122 1710 4179; x_wconf 90' lang='lat' dir='ltr'><strong>annis</strong></span> <span class='ocrx_word' id='word_1_484' title='bbox 1756 4124 1855 4179; x_wconf 92' lang='lat' dir='ltr'><strong>ob-</strong></span> 
     </span>
    </p>
   </div>
   <div class='ocr_carea' id='block_1_73' title="bbox 271 4211 457 4266">
    <p class='ocr_par' dir='ltr' id='par_1_73' title="bbox 271 4211 457 4266">
     <span class='ocr_line' id='line_1_73' title="bbox 271 4211 457 4266; baseline -0.011 0"><span class='ocrx_word' id='word_1_485' title='bbox 271 4211 457 4266; x_wconf 87' lang='lat' dir='ltr'><strong>tinuit.</strong></span> 
     </span>
    </p>
   </div>
   <div class='ocr_carea' id='block_1_74' title="bbox 342 4300 1850 4381">
    <p class='ocr_par' dir='ltr' id='par_1_74' title="bbox 342 4300 1850 4381">
     <span class='ocr_line' id='line_1_74' title="bbox 342 4300 1850 4381; baseline 0.004 -27"><span class='ocrx_word' id='word_1_486' title='bbox 342 4300 469 4356; x_wconf 88' lang='grc'>672.</span> <span class='ocrx_word' id='word_1_487' title='bbox 512 4300 701 4365; x_wconf 63' lang='lat' dir='ltr'><strong>Romae</strong></span> <span class='ocrx_word' id='word_1_488' title='bbox 722 4300 993 4361; x_wconf 79' lang='lat' dir='ltr'><strong>Vitaliano</strong></span> <span class='ocrx_word' id='word_1_489' title='bbox 1008 4318 1146 4381; x_wconf 89' lang='lat' dir='ltr'><strong>papa</strong></span> <span class='ocrx_word' id='word_1_490' title='bbox 1170 4301 1738 4360; x_wconf 81' lang='lat' dir='ltr'><strong>defunctoindictione</strong></span> <span class='ocrx_word' id='word_1_491' title='bbox 1762 4305 1850 4370; x_wconf 85' lang='grc'><strong>15,</strong></span> 
     </span>
    </p>
   </div>
   <div class='ocr_carea' id='block_1_75' title="bbox 1956 3104 3549 3186">
    <p class='ocr_par' dir='ltr' id='par_1_75' title="bbox 1956 3104 3549 3186">
     <span class='ocr_line' id='line_1_75' title="bbox 1956 3104 3549 3186; baseline -0.011 -8"><span class='ocrx_word' id='word_1_492' title='bbox 1956 3130 2100 3186; x_wconf 89' lang='lat' dir='ltr'><strong>acta,</strong></span> <span class='ocrx_word' id='word_1_493' title='bbox 2129 3129 2184 3176; x_wconf 91' lang='lat' dir='ltr'><strong>et</strong></span> <span class='ocrx_word' id='word_1_494' title='bbox 2217 3118 2528 3176; x_wconf 82' lang='lat' dir='ltr'><strong>Macharius</strong></span> <span class='ocrx_word' id='word_1_495' title='bbox 2551 3113 2929 3170; x_wconf 88' lang='lat' dir='ltr'><strong>Antiochenus</strong></span> <span class='ocrx_word' id='word_1_496' title='bbox 2958 3122 3329 3181; x_wconf 82' lang='lat' dir='ltr'><strong>sequacesque</strong></span> <span class='ocrx_word' id='word_1_497' title='bbox 3344 3104 3549 3169; x_wconf 72' lang='lat' dir='ltr'><strong>erroris</strong></span> 
     </span>
    </p>
   </div>
   <div class='ocr_carea' id='block_1_76' title="bbox 1955 3190 3548 3276">
    <p class='ocr_par' dir='ltr' id='par_1_76' title="bbox 1955 3190 3548 3276">
     <span class='ocr_line' id='line_1_76' title="bbox 1955 3190 3548 3276; baseline -0.011 -9"><span class='ocrx_word' id='word_1_498' title='bbox 1955 3194 2203 3267; x_wconf 87' lang='lat' dir='ltr'><strong>damnati</strong></span> <span class='ocrx_word' id='word_1_499' title='bbox 2256 3216 2407 3265; x_wconf 88' lang='lat' dir='ltr'><strong>sunt.</strong></span> <span class='ocrx_word' id='word_1_500' title='bbox 2458 3190 2675 3276; x_wconf 83' lang='lat' dir='ltr'><strong>Quibus</strong></span> <span class='ocrx_word' id='word_1_501' title='bbox 2716 3200 3012 3267; x_wconf 87' lang='lat' dir='ltr'><strong>damnatis,</strong></span> <span class='ocrx_word' id='word_1_502' title='bbox 3064 3199 3246 3255; x_wconf 90' lang='lat' dir='ltr'><strong>subito</strong></span> <span class='ocrx_word' id='word_1_503' title='bbox 3297 3195 3548 3268; x_wconf 73' lang='lat' dir='ltr'><strong>plurimae</strong></span> 
     </span>
    </p>
   </div>
   <div class='ocr_carea' id='block_1_77' title="bbox 1958 3286 3549 3371">
    <p class='ocr_par' dir='ltr' id='par_1_77' title="bbox 1958 3286 3549 3371">
     <span class='ocr_line' id='line_1_77' title="bbox 1958 3286 3549 3371; baseline -0.01 -15"><span class='ocrx_word' id='word_1_504' title='bbox 1958 3314 2294 3356; x_wconf 84' lang='lat' dir='ltr'><strong>aranearum</strong></span> <span class='ocrx_word' id='word_1_505' title='bbox 2323 3298 2448 3353; x_wconf 72' lang='lat' dir='ltr'><strong>telae</strong></span> <span class='ocrx_word' id='word_1_506' title='bbox 2476 3296 2533 3353; x_wconf 89' lang='lat' dir='ltr'><strong>in</strong></span> <span class='ocrx_word' id='word_1_507' title='bbox 2566 3295 2793 3350; x_wconf 89' lang='lat' dir='ltr'><strong>basilica</strong></span> <span class='ocrx_word' id='word_1_508' title='bbox 2822 3307 3009 3349; x_wconf 83' lang='lat' dir='ltr'><strong>coram</strong></span> <span class='ocrx_word' id='word_1_509' title='bbox 3049 3290 3308 3369; x_wconf 87' lang='lat' dir='ltr'><strong>omnibus</strong></span> <span class='ocrx_word' id='word_1_510' title='bbox 3338 3286 3549 3371; x_wconf 71' lang='lat' dir='ltr'><strong>cecide-</strong></span> 
     </span>
    </p>
   </div>
   <div class='ocr_carea' id='block_1_78' title="bbox 1956 3380 3544 3461">
    <p class='ocr_par' dir='ltr' id='par_1_78' title="bbox 1956 3380 3544 3461">
     <span class='ocr_line' id='line_1_78' title="bbox 1956 3380 3544 3461; baseline -0.009 -12"><span class='ocrx_word' id='word_1_511' title='bbox 1956 3399 2105 3457; x_wconf 86' lang='lat' dir='ltr'><strong>rant,</strong></span> <span class='ocrx_word' id='word_1_512' title='bbox 2136 3389 2415 3447; x_wconf 88' lang='lat' dir='ltr'><strong>hereticas</strong></span> <span class='ocrx_word' id='word_1_513' title='bbox 2453 3403 2631 3460; x_wconf 86' lang='lat' dir='ltr'><strong>nugas</strong></span> <span class='ocrx_word' id='word_1_514' title='bbox 2685 3386 2928 3458; x_wconf 74' lang='lat' dir='ltr'><strong>dejectas</strong></span> <span class='ocrx_word' id='word_1_515' title='bbox 2966 3399 3088 3441; x_wconf 89' lang='lat' dir='ltr'><strong>esse</strong></span> <span class='ocrx_word' id='word_1_516' title='bbox 3136 3380 3544 3461; x_wconf 77' lang='lat' dir='ltr'><strong>portendentes.</strong></span> 
     </span>
    </p>
   </div>
   <div class='ocr_carea' id='block_1_79' title="bbox 1955 3480 3470 3560">
    <p class='ocr_par' dir='ltr' id='par_1_79' title="bbox 1955 3480 3470 3560">
     <span class='ocr_line' id='line_1_79' title="bbox 1955 3480 3470 3560; baseline -0.003 -21"><span class='ocrx_word' id='word_1_517' title='bbox 1955 3483 2171 3557; x_wconf 82' lang='lat' dir='ltr'><strong>Agatho</strong></span> <span class='ocrx_word' id='word_1_518' title='bbox 2203 3498 2343 3554; x_wconf 89' lang='lat' dir='ltr'><strong>papa</strong></span> <span class='ocrx_word' id='word_1_519' title='bbox 2363 3480 2651 3557; x_wconf 28' lang='lat' dir='ltr'><strong>decessit,</strong></span> <span class='ocrx_word' id='word_1_520' title='bbox 2862 3551 2865 3555; x_wconf 23' lang='grc' dir='ltr'>ι</span> <span class='ocrx_word' id='word_1_521' title='bbox 2988 3550 2993 3556; x_wconf 25' lang='grc' dir='ltr'><em>ι</em></span> <span class='ocrx_word' id='word_1_522' title='bbox 3354 3532 3359 3539; x_wconf 90' lang='grc'><strong><em>,</em></strong></span> <span class='ocrx_word' id='word_1_523' title='bbox 3428 3534 3470 3560; x_wconf 33' lang='grc' dir='ltr'>Ἰ</span> 
     </span>
    </p>
   </div>
   <div class='ocr_carea' id='block_1_80' title="bbox 2029 3560 3552 3643">
    <p class='ocr_par' dir='ltr' id='par_1_80' title="bbox 2029 3560 3552 3643">
     <span class='ocr_line' id='line_1_80' title="bbox 2029 3560 3552 3643; baseline -0.007 -14"><span class='ocrx_word' id='word_1_524' title='bbox 2029 3574 2157 3631; x_wconf 88' lang='grc'>682.</span> <span class='ocrx_word' id='word_1_525' title='bbox 2200 3572 2391 3631; x_wconf 56' lang='lat' dir='ltr'><strong>Romae</strong></span> <span class='ocrx_word' id='word_1_526' title='bbox 2441 3570 2701 3627; x_wconf 83' lang='lat' dir='ltr'><strong>defuncto</strong></span> <span class='ocrx_word' id='word_1_527' title='bbox 2757 3568 3042 3641; x_wconf 79' lang='lat' dir='ltr'><strong>Agathone</strong></span> <span class='ocrx_word' id='word_1_528' title='bbox 3099 3581 3260 3637; x_wconf 90' lang='lat' dir='ltr'><strong>papa,</strong></span> <span class='ocrx_word' id='word_1_529' title='bbox 3314 3560 3552 3643; x_wconf 82' lang='lat' dir='ltr'><strong>cessavit</strong></span> 
     </span>
    </p>
   </div>
   <div class='ocr_carea' id='block_1_81' title="bbox 1957 3659 3473 3739">
    <p class='ocr_par' dir='ltr' id='par_1_81' title="bbox 1957 3659 3473 3739">
     <span class='ocr_line' id='line_1_81' title="bbox 1957 3659 3473 3739; baseline -0.013 -8"><span class='ocrx_word' id='word_1_530' title='bbox 1957 3667 2311 3739; x_wconf 78' lang='lat' dir='ltr'><strong>episcopatus</strong></span> <span class='ocrx_word' id='word_1_531' title='bbox 2338 3678 2485 3723; x_wconf 84' lang='lat' dir='ltr'><strong>anno</strong></span> <span class='ocrx_word' id='word_1_532' title='bbox 2522 3663 2573 3731; x_wconf 83' lang='grc'>1,</span> <span class='ocrx_word' id='word_1_533' title='bbox 2603 3661 2892 3731; x_wconf 81' lang='lat' dir='ltr'><strong>mensibus</strong></span> <span class='ocrx_word' id='word_1_534' title='bbox 2922 3659 2975 3714; x_wconf 89' lang='lat'><strong>7.</strong></span> <span class='ocrx_word' id='word_1_535' title='bbox 3151 3698 3154 3702; x_wconf 53' lang='grc' dir='ltr'><strong>ι</strong></span> <span class='ocrx_word' id='word_1_536' title='bbox 3450 3700 3473 3711; x_wconf 76' lang='lat'><strong>,.</strong></span> 
     </span>
    </p>
   </div>
   <div class='ocr_carea' id='block_1_82' title="bbox 2029 3743 3547 3825">
    <p class='ocr_par' dir='ltr' id='par_1_82' title="bbox 2029 3743 3547 3825">
     <span class='ocr_line' id='line_1_82' title="bbox 2029 3743 3547 3825; baseline -0.01 -13"><span class='ocrx_word' id='word_1_537' title='bbox 2029 3757 2157 3812; x_wconf 88' lang='grc'>685.</span> <span class='ocrx_word' id='word_1_538' title='bbox 2198 3754 2386 3810; x_wconf 64' lang='lat' dir='ltr'><strong>Romae</strong></span> <span class='ocrx_word' id='word_1_539' title='bbox 2418 3752 2528 3808; x_wconf 88' lang='lat' dir='ltr'><strong>Leo</strong></span> <span class='ocrx_word' id='word_1_540' title='bbox 2575 3750 2641 3818; x_wconf 90' lang='lat' dir='ltr'><strong>ll,</strong></span> <span class='ocrx_word' id='word_1_541' title='bbox 2677 3767 2819 3823; x_wconf 91' lang='lat' dir='ltr'><strong>papa</strong></span> <span class='ocrx_word' id='word_1_542' title='bbox 2869 3750 3023 3817; x_wconf 76' lang='grc' dir='ltr'>82ιιι,</span> <span class='ocrx_word' id='word_1_543' title='bbox 3078 3747 3219 3803; x_wconf 87' lang='lat' dir='ltr'><strong>sedit</strong></span> <span class='ocrx_word' id='word_1_544' title='bbox 3263 3743 3547 3825; x_wconf 79' lang='lat' dir='ltr'><strong>mensibus</strong></span> 
     </span>
    </p>
   </div>
   <div class='ocr_carea' id='block_1_83' title="bbox 1956 3834 3546 3914">
    <p class='ocr_par' dir='ltr' id='par_1_83' title="bbox 1956 3834 3546 3914">
     <span class='ocr_line' id='line_1_83' title="bbox 1956 3834 3546 3914; baseline -0.01 -10"><span class='ocrx_word' id='word_1_545' title='bbox 1956 3834 2072 3904; x_wconf 69' lang='lat' dir='ltr'><strong>fere</strong></span> <span class='ocrx_word' id='word_1_546' title='bbox 2106 3847 2168 3901; x_wconf 91' lang='grc'><strong>11</strong></span> <span class='ocrx_word' id='word_1_547' title='bbox 2196 3864 2213 3913; x_wconf 87' lang='lat'><strong>;</strong></span> <span class='ocrx_word' id='word_1_548' title='bbox 2241 3846 2329 3901; x_wconf 86' lang='lat' dir='ltr'><strong>vir</strong></span> <span class='ocrx_word' id='word_1_549' title='bbox 2351 3858 2451 3914; x_wconf 88' lang='lat' dir='ltr'><strong>per</strong></span> <span class='ocrx_word' id='word_1_550' title='bbox 2477 3842 2665 3903; x_wconf 85' lang='lat' dir='ltr'><strong>omnia</strong></span> <span class='ocrx_word' id='word_1_551' title='bbox 2707 3840 3114 3897; x_wconf 87' lang='lat' dir='ltr'><strong>eruditissimus</strong></span> <span class='ocrx_word' id='word_1_552' title='bbox 3154 3846 3208 3894; x_wconf 91' lang='lat' dir='ltr'><strong>et</strong></span> <span class='ocrx_word' id='word_1_553' title='bbox 3243 3836 3546 3907; x_wconf 82' lang='lat' dir='ltr'><strong>piissimus,</strong></span> 
     </span>
    </p>
   </div>
   <div class='ocr_carea' id='block_1_84' title="bbox 1958 3923 3542 4008">
    <p class='ocr_par' dir='ltr' id='par_1_84' title="bbox 1958 3923 3542 4008">
     <span class='ocr_line' id='line_1_84' title="bbox 1958 3923 3542 4008; baseline -0.011 -15"><span class='ocrx_word' id='word_1_554' title='bbox 1958 3934 2055 4008; x_wconf 89' lang='lat' dir='ltr'><strong>qui</strong></span> <span class='ocrx_word' id='word_1_555' title='bbox 2084 3949 2187 3991; x_wconf 87' lang='lat' dir='ltr'><strong>sua</strong></span> <span class='ocrx_word' id='word_1_556' title='bbox 2218 3934 2437 3989; x_wconf 85' lang='lat' dir='ltr'><strong>decreta</strong></span> <span class='ocrx_word' id='word_1_557' title='bbox 2466 3930 2614 3991; x_wconf 84' lang='lat' dir='ltr'><strong>fecit.</strong></span> <span class='ocrx_word' id='word_1_558' title='bbox 2663 3930 2900 4003; x_wconf 88' lang='lat' dir='ltr'><strong>plurima</strong></span> <span class='ocrx_word' id='word_1_559' title='bbox 2925 3928 3141 3999; x_wconf 89' lang='lat' dir='ltr'><strong>egregie</strong></span> <span class='ocrx_word' id='word_1_560' title='bbox 3164 3926 3408 4001; x_wconf 82' lang='lat' dir='ltr'><strong>scripsit,</strong></span> <span class='ocrx_word' id='word_1_561' title='bbox 3437 3923 3542 3993; x_wconf 77' lang='lat' dir='ltr'><strong>do-</strong></span> 
     </span>
    </p>
   </div>
   <div class='ocr_carea' id='block_1_85' title="bbox 1954 4014 3545 4096">
    <p class='ocr_par' dir='ltr' id='par_1_85' title="bbox 1954 4014 3545 4096">
     <span class='ocr_line' id='line_1_85' title="bbox 1954 4014 3545 4096; baseline -0.011 -11"><span class='ocrx_word' id='word_1_562' title='bbox 1954 4030 2103 4096; x_wconf 91' lang='lat' dir='ltr'><strong>cuit,</strong></span> <span class='ocrx_word' id='word_1_563' title='bbox 2149 4039 2204 4084; x_wconf 89' lang='lat' dir='ltr'><strong>et</strong></span> <span class='ocrx_word' id='word_1_564' title='bbox 2249 4026 2553 4082; x_wconf 90' lang='lat' dir='ltr'><strong>constituit.</strong></span> <span class='ocrx_word' id='word_1_565' title='bbox 2594 4022 2829 4079; x_wconf 89' lang='lat' dir='ltr'><strong>Sanctus</strong></span> <span class='ocrx_word' id='word_1_566' title='bbox 2867 4020 3177 4076; x_wconf 90' lang='lat' dir='ltr'><strong>Cudbertus</strong></span> <span class='ocrx_word' id='word_1_567' title='bbox 3225 4014 3545 4083; x_wconf 75' lang='lat' dir='ltr'><strong>Lindiui&#39;ar-</strong></span> 
     </span>
    </p>
   </div>
   <div class='ocr_carea' id='block_1_86' title="bbox 1957 4106 3546 4193">
    <p class='ocr_par' dir='ltr' id='par_1_86' title="bbox 1957 4106 3546 4193">
     <span class='ocr_line' id='line_1_86' title="bbox 1957 4106 3546 4193; baseline -0.01 -18"><span class='ocrx_word' id='word_1_568' title='bbox 1957 4119 2148 4175; x_wconf 90' lang='lat' dir='ltr'><strong>nensis</strong></span> <span class='ocrx_word' id='word_1_569' title='bbox 2173 4116 2403 4177; x_wconf 64' lang='lat' dir='ltr'><strong>aaciesiaa</strong></span> <span class='ocrx_word' id='word_1_570' title='bbox 2425 4113 2740 4187; x_wconf 89' lang='lat' dir='ltr'><strong>episcopus,</strong></span> <span class='ocrx_word' id='word_1_571' title='bbox 2781 4111 3123 4193; x_wconf 85' lang='lat' dir='ltr'><strong>Britanniam</strong></span> <span class='ocrx_word' id='word_1_572' title='bbox 3147 4107 3335 4167; x_wconf 88' lang='lat' dir='ltr'><strong>multis</strong></span> <span class='ocrx_word' id='word_1_573' title='bbox 3373 4106 3546 4187; x_wconf 75' lang='lat' dir='ltr'><strong>virtu-</strong></span> 
     </span>
    </p>
   </div>
   <div class='ocr_carea' id='block_1_87' title="bbox 1958 4207 3465 4279">
    <p class='ocr_par' dir='ltr' id='par_1_87' title="bbox 1958 4207 3465 4279">
     <span class='ocr_line' id='line_1_87' title="bbox 1958 4207 3465 4279; baseline -0.004 -14"><span class='ocrx_word' id='word_1_574' title='bbox 1958 4209 2109 4266; x_wconf 91' lang='lat' dir='ltr'><strong>tibus</strong></span> <span class='ocrx_word' id='word_1_575' title='bbox 2138 4207 2443 4266; x_wconf 86' lang='lat' dir='ltr'><strong>decoravit.</strong></span> <span class='ocrx_word' id='word_1_576' title='bbox 3018 4272 3019 4279; x_wconf 12' lang='grc' dir='ltr'>γ</span> <span class='ocrx_word' id='word_1_577' title='bbox 3216 4254 3219 4257; x_wconf 72' lang='grc'><strong>,</strong></span> <span class='ocrx_word' id='word_1_578' title='bbox 3444 4254 3465 4267; x_wconf 63' lang='grc'>,.</span> 
     </span>
    </p>
   </div>
   <div class='ocr_carea' id='block_1_88' title="bbox 2027 4294 3549 4369">
    <p class='ocr_par' dir='ltr' id='par_1_88' title="bbox 2027 4294 3549 4369">
     <span class='ocr_line' id='line_1_88' title="bbox 2027 4294 3549 4369; baseline -0.007 -13"><span class='ocrx_word' id='word_1_579' title='bbox 2027 4298 2153 4357; x_wconf 74' lang='grc'>684.</span> <span class='ocrx_word' id='word_1_580' title='bbox 2195 4299 2386 4356; x_wconf 70' lang='lat' dir='ltr'><strong>Roma:</strong></span> <span class='ocrx_word' id='word_1_581' title='bbox 2413 4297 2671 4355; x_wconf 86' lang='lat' dir='ltr'><strong>defuncto</strong></span> <span class='ocrx_word' id='word_1_582' title='bbox 2699 4296 2904 4364; x_wconf 89' lang='lat' dir='ltr'><strong>Leone,</strong></span> <span class='ocrx_word' id='word_1_583' title='bbox 2935 4295 3173 4351; x_wconf 88' lang='lat' dir='ltr'><strong>cessavit</strong></span> <span class='ocrx_word' id='word_1_584' title='bbox 3197 4294 3549 4369; x_wconf 76' lang='lat' dir='ltr'><strong>episcopatus</strong></span> 
     </span>
    </p>
   </div>
   <div class='ocr_carea' id='block_1_89' title="bbox 267 4376 3548 4473">
    <p class='ocr_par' dir='ltr' id='par_1_89' title="bbox 267 4376 3548 4473">
     <span class='ocr_line' id='line_1_89' title="bbox 267 4376 3548 4473; baseline -0.003 -26"><span class='ocrx_word' id='word_1_585' title='bbox 267 4390 453 4461; x_wconf 74' lang='lat' dir='ltr'><strong>post2</strong></span> <span class='ocrx_word' id='word_1_586' title='bbox 478 4406 694 4447; x_wconf 81' lang='lat' dir='ltr'><strong>menses</strong></span> <span class='ocrx_word' id='word_1_587' title='bbox 722 4392 1058 4473; x_wconf 80' lang='lat' dir='ltr'><strong>Adeodatus,</strong></span> <span class='ocrx_word' id='word_1_588' title='bbox 1080 4376 1226 4464; x_wconf 87' lang='lat' dir='ltr'><strong>papa</strong></span> <span class='ocrx_word' id='word_1_589' title='bbox 1253 4392 1405 4461; x_wconf 67' lang='lat'><strong>79“,</strong></span> <span class='ocrx_word' id='word_1_590' title='bbox 1427 4394 1568 4450; x_wconf 87' lang='lat' dir='ltr'><strong>sedit</strong></span> <span class='ocrx_word' id='word_1_591' title='bbox 1598 4396 1760 4451; x_wconf 85' lang='lat' dir='ltr'><strong>annis</strong></span> <span class='ocrx_word' id='word_1_592' title='bbox 1798 4396 1853 4463; x_wconf 70' lang='grc'><strong>4,</strong></span> <span class='ocrx_word' id='word_1_593' title='bbox 1887 4384 1933 4439; x_wconf 84' lang='grc' dir='ltr'><strong>Ῐ)</strong></span> <span class='ocrx_word' id='word_1_594' title='bbox 1959 4408 2104 4448; x_wconf 90' lang='lat' dir='ltr'><strong>anno</strong></span> <span class='ocrx_word' id='word_1_595' title='bbox 2135 4391 2250 4449; x_wconf 81' lang='lat' dir='ltr'><strong>fere</strong></span> <span class='ocrx_word' id='word_1_596' title='bbox 2280 4393 2331 4446; x_wconf 88' lang='grc'><strong>1.</strong></span> <span class='ocrx_word' id='word_1_597' title='bbox 2363 4391 2510 4446; x_wconf 79' lang='lat' dir='ltr'><strong>Post-</strong></span> <span class='ocrx_word' id='word_1_598' title='bbox 2533 4376 2696 4461; x_wconf 87' lang='lat' dir='ltr'><strong>quem</strong></span> <span class='ocrx_word' id='word_1_599' title='bbox 2743 4388 3069 4471; x_wconf 86' lang='lat' dir='ltr'><strong>Benedictus</strong></span> <span class='ocrx_word' id='word_1_600' title='bbox 3098 4385 3175 4452; x_wconf 89' lang='lat' dir='ltr'><strong>ll,</strong></span> <span class='ocrx_word' id='word_1_601' title='bbox 3205 4400 3344 4456; x_wconf 79' lang='lat' dir='ltr'><strong>papa</strong></span> <span class='ocrx_word' id='word_1_602' title='bbox 3390 4382 3548 4454; x_wconf 56' lang='lat'><strong>83‘&quot;,</strong></span> 
     </span>
    </p>
   </div>
   <div class='ocr_carea' id='block_1_90' title="bbox 269 4481 1863 4561">
    <p class='ocr_par' dir='ltr' id='par_1_90' title="bbox 269 4481 1863 4561">
     <span class='ocr_line' id='line_1_90' title="bbox 269 4481 1863 4561; baseline 0.006 -26"><span class='ocrx_word' id='word_1_603' title='bbox 269 4481 556 4537; x_wconf 87' lang='lat' dir='ltr'><strong>mensibus</strong></span> <span class='ocrx_word' id='word_1_604' title='bbox 597 4482 677 4550; x_wconf 78' lang='grc'><strong>2;’</strong></span> <span class='ocrx_word' id='word_1_605' title='bbox 714 4483 802 4538; x_wconf 88' lang='lat' dir='ltr'><strong>vir</strong></span> <span class='ocrx_word' id='word_1_606' title='bbox 839 4484 993 4540; x_wconf 86' lang='lat' dir='ltr'><strong>valde</strong></span> <span class='ocrx_word' id='word_1_607' title='bbox 1042 4484 1193 4541; x_wconf 90' lang='lat' dir='ltr'><strong>mitis</strong></span> <span class='ocrx_word' id='word_1_608' title='bbox 1245 4494 1301 4541; x_wconf 88' lang='lat' dir='ltr'><strong>et</strong></span> <span class='ocrx_word' id='word_1_609' title='bbox 1337 4484 1498 4556; x_wconf 91' lang='lat' dir='ltr'><strong>pius,</strong></span> <span class='ocrx_word' id='word_1_610' title='bbox 1543 4486 1637 4557; x_wconf 91' lang='lat' dir='ltr'><strong>qui</strong></span> <span class='ocrx_word' id='word_1_611' title='bbox 1683 4488 1863 4561; x_wconf 13' lang='lat' dir='ltr'><strong>multa,</strong></span> 
     </span>
    </p>
   </div>
   <div class='ocr_carea' id='block_1_91' title="bbox 270 4570 1073 4635">
    <p class='ocr_par' dir='ltr' id='par_1_91' title="bbox 270 4570 1073 4635">
     <span class='ocr_line' id='line_1_91' title="bbox 270 4570 1073 4635; baseline 0.004 -6"><span class='ocrx_word' id='word_1_612' title='bbox 270 4571 503 4631; x_wconf 69' lang='lat' dir='ltr'><strong>aediﬁcia</strong></span> <span class='ocrx_word' id='word_1_613' title='bbox 531 4570 721 4630; x_wconf 65' lang='lat' dir='ltr'><strong>Romae</strong></span> <span class='ocrx_word' id='word_1_614' title='bbox 746 4575 1073 4635; x_wconf 78' lang='lat' dir='ltr'><strong>construxit.</strong></span> 
     </span>
    </p>
   </div>
   <div class='ocr_carea' id='block_1_92' title="bbox 342 4662 1857 4745">
    <p class='ocr_par' dir='ltr' id='par_1_92' title="bbox 342 4662 1857 4745">
     <span class='ocr_line' id='line_1_92' title="bbox 342 4662 1857 4745; baseline 0.009 -28"><span class='ocrx_word' id='word_1_615' title='bbox 342 4662 470 4719; x_wconf 91' lang='grc'>675.</span> <span class='ocrx_word' id='word_1_616' title='bbox 508 4662 624 4720; x_wconf 86' lang='lat' dir='ltr'><strong>Hoc</strong></span> <span class='ocrx_word' id='word_1_617' title='bbox 647 4680 794 4721; x_wconf 90' lang='lat' dir='ltr'><strong>anno</strong></span> <span class='ocrx_word' id='word_1_618' title='bbox 819 4665 1141 4723; x_wconf 88' lang='lat' dir='ltr'><strong>Theodorus</strong></span> <span class='ocrx_word' id='word_1_619' title='bbox 1162 4667 1466 4741; x_wconf 71' lang='lat' dir='ltr'><strong>Anglorum</strong></span> <span class='ocrx_word' id='word_1_620' title='bbox 1489 4670 1857 4745; x_wconf 84' lang='lat' dir='ltr'><strong>archiepisco-</strong></span> 
     </span>
    </p>
   </div>
   <div class='ocr_carea' id='block_1_93' title="bbox 269 4756 1511 4833">
    <p class='ocr_par' dir='ltr' id='par_1_93' title="bbox 269 4756 1511 4833">
     <span class='ocr_line' id='line_1_93' title="bbox 269 4756 1511 4833; baseline 0.006 -23"><span class='ocrx_word' id='word_1_621' title='bbox 269 4770 375 4824; x_wconf 87' lang='lat' dir='ltr'><strong>pus</strong></span> <span class='ocrx_word' id='word_1_622' title='bbox 400 4756 654 4811; x_wconf 91' lang='lat' dir='ltr'><strong>sinodum</strong></span> <span class='ocrx_word' id='word_1_623' title='bbox 683 4758 872 4813; x_wconf 88' lang='lat' dir='ltr'><strong>utilem</strong></span> <span class='ocrx_word' id='word_1_624' title='bbox 900 4757 1133 4830; x_wconf 87' lang='lat' dir='ltr'><strong>collegit.</strong></span> <span class='ocrx_word' id='word_1_625' title='bbox 1506 4828 1511 4833; x_wconf 14' lang='grc' dir='ltr'><strong>ξ</strong></span> 
     </span>
    </p>
   </div>
   <div class='ocr_carea' id='block_1_94' title="bbox 287 4836 1854 4929">
    <p class='ocr_par' dir='ltr' id='par_1_94' title="bbox 287 4836 1854 4929">
     <span class='ocr_line' id='line_1_94' title="bbox 287 4836 1854 4929; baseline 0.008 -28"><span class='ocrx_word' id='word_1_626' title='bbox 287 4836 291 4841; x_wconf 70' lang='grc'><em>’</em></span> <span class='ocrx_word' id='word_1_627' title='bbox 343 4846 467 4902; x_wconf 75' lang='grc'>674.</span> <span class='ocrx_word' id='word_1_628' title='bbox 509 4847 871 4921; x_wconf 88' lang='lat' dir='ltr'><strong>[Dagobertus</strong></span> <span class='ocrx_word' id='word_1_629' title='bbox 911 4851 977 4890; x_wconf 58' lang='lat' dir='ltr'><strong>i”</strong></span> <span class='ocrx_word' id='word_1_630' title='bbox 1019 4865 1116 4906; x_wconf 90' lang='lat' dir='ltr'><strong>rex</strong></span> <span class='ocrx_word' id='word_1_631' title='bbox 1141 4849 1504 4923; x_wconf 87' lang='lat' dir='ltr'><strong>Francorum,</strong></span> <span class='ocrx_word' id='word_1_632' title='bbox 1542 4856 1854 4929; x_wconf 67' lang='lat' dir='ltr'><strong>praecipuus</strong></span> 
     </span>
    </p>
   </div>
   <div class='ocr_carea' id='block_1_95' title="bbox 269 4939 1851 5019">
    <p class='ocr_par' dir='ltr' id='par_1_95' title="bbox 269 4939 1851 5019">
     <span class='ocr_line' id='line_1_95' title="bbox 269 4939 1851 5019; baseline 0.008 -25"><span class='ocrx_word' id='word_1_633' title='bbox 269 4939 643 4995; x_wconf 66' lang='lat' dir='ltr'><strong>acelesiarum</strong></span> <span class='ocrx_word' id='word_1_634' title='bbox 697 4941 792 4997; x_wconf 88' lang='lat' dir='ltr'><strong>Dei</strong></span> <span class='ocrx_word' id='word_1_635' title='bbox 846 4950 1155 5011; x_wconf 87' lang='lat' dir='ltr'><strong>venerator,</strong></span> <span class='ocrx_word' id='word_1_636' title='bbox 1220 4944 1371 5006; x_wconf 89' lang='lat' dir='ltr'><strong>obiit.</strong></span> <span class='ocrx_word' id='word_1_637' title='bbox 1429 4944 1698 5019; x_wconf 87' lang='lat' dir='ltr'><strong>Regnavit</strong></span> <span class='ocrx_word' id='word_1_638' title='bbox 1748 4965 1851 5006; x_wconf 81' lang='lat' dir='ltr'><strong>an-</strong></span> 
     </span>
    </p>
   </div>
   <div class='ocr_carea' id='block_1_96' title="bbox 268 5030 1107 5107">
    <p class='ocr_par' dir='ltr' id='par_1_96' title="bbox 268 5030 1107 5107">
     <span class='ocr_line' id='line_1_96' title="bbox 268 5030 1107 5107; baseline 0.005 -23"><span class='ocrx_word' id='word_1_639' title='bbox 268 5045 375 5085; x_wconf 88' lang='lat' dir='ltr'><strong>nos</strong></span> <span class='ocrx_word' id='word_1_640' title='bbox 400 5031 488 5085; x_wconf 73' lang='grc'><strong>44.</strong></span> <span class='ocrx_word' id='word_1_641' title='bbox 516 5030 762 5089; x_wconf 84' lang='lat' dir='ltr'><strong>Parisius</strong></span> <span class='ocrx_word' id='word_1_642' title='bbox 794 5032 1107 5107; x_wconf 82' lang='lat' dir='ltr'><strong>sepelitur.}</strong></span> 
     </span>
    </p>
   </div>
   <div class='ocr_carea' id='block_1_97' title="bbox 342 5123 1852 5200">
    <p class='ocr_par' dir='ltr' id='par_1_97' title="bbox 342 5123 1852 5200">
     <span class='ocr_line' id='line_1_97' title="bbox 342 5123 1852 5200; baseline 0.007 -23"><span class='ocrx_word' id='word_1_643' title='bbox 342 5123 465 5179; x_wconf 89' lang='lat'><strong>676.</strong></span> <span class='ocrx_word' id='word_1_644' title='bbox 512 5123 700 5181; x_wconf 72' lang='lat' dir='ltr'><strong>Romae</strong></span> <span class='ocrx_word' id='word_1_645' title='bbox 726 5126 982 5193; x_wconf 77' lang='lat' dir='ltr'><strong>defuncto</strong></span> <span class='ocrx_word' id='word_1_646' title='bbox 1025 5125 1306 5186; x_wconf 83' lang='lat' dir='ltr'><strong>Adeodato</strong></span> <span class='ocrx_word' id='word_1_647' title='bbox 1341 5141 1506 5197; x_wconf 88' lang='lat' dir='ltr'><strong>papa,</strong></span> <span class='ocrx_word' id='word_1_648' title='bbox 1538 5140 1664 5200; x_wconf 88' lang='lat' dir='ltr'><strong>post</strong></span> <span class='ocrx_word' id='word_1_649' title='bbox 1690 5148 1852 5191; x_wconf 89' lang='lat' dir='ltr'><strong>men-</strong></span> 
     </span>
    </p>
   </div>
   <div class='ocr_carea' id='block_1_98' title="bbox 266 5202 1867 5299">
    <p class='ocr_par' dir='ltr' id='par_1_98' title="bbox 266 5202 1867 5299">
     <span class='ocr_line' id='line_1_98' title="bbox 266 5202 1867 5299; baseline 0.011 -31"><span class='ocrx_word' id='word_1_650' title='bbox 266 5228 360 5299; x_wconf 75' lang='lat' dir='ltr'><strong>ses</strong></span> <span class='ocrx_word' id='word_1_651' title='bbox 393 5215 428 5270; x_wconf 77' lang='grc'><strong>4</strong></span> <span class='ocrx_word' id='word_1_652' title='bbox 456 5214 548 5288; x_wconf 66' lang='grc'><strong>112</strong></span> <span class='ocrx_word' id='word_1_653' title='bbox 577 5213 784 5285; x_wconf 89' lang='lat' dir='ltr'><strong>Donus,</strong></span> <span class='ocrx_word' id='word_1_654' title='bbox 816 5234 954 5292; x_wconf 84' lang='lat' dir='ltr'><strong>papa</strong></span> <span class='ocrx_word' id='word_1_655' title='bbox 980 5215 1132 5288; x_wconf 77' lang='lat'><strong>80&#39;&quot;,</strong></span> <span class='ocrx_word' id='word_1_656' title='bbox 1158 5220 1296 5276; x_wconf 86' lang='lat' dir='ltr'><strong>sedit</strong></span> <span class='ocrx_word' id='word_1_657' title='bbox 1328 5231 1479 5273; x_wconf 87' lang='lat' dir='ltr'><strong>anno</strong></span> <span class='ocrx_word' id='word_1_658' title='bbox 1504 5220 1556 5287; x_wconf 92' lang='grc'>1,</span> <span class='ocrx_word' id='word_1_659' title='bbox 1584 5238 1760 5284; x_wconf 89' lang='lat' dir='ltr'><strong>mens.</strong></span> <span class='ocrx_word' id='word_1_660' title='bbox 1780 5202 1867 5285; x_wconf 20' lang='lat'><strong>5:.</strong></span> 
     </span>
    </p>
   </div>
   <div class='ocr_carea' id='block_1_99' title="bbox 1958 4467 3551 4567">
    <p class='ocr_par' dir='ltr' id='par_1_99' title="bbox 1958 4467 3551 4567">
     <span class='ocr_line' id='line_1_99' title="bbox 1958 4467 3551 4567; baseline -0.011 -26"><span class='ocrx_word' id='word_1_661' title='bbox 1958 4486 2098 4567; x_wconf 85' lang='lat' dir='ltr'><strong>sedit</strong></span> <span class='ocrx_word' id='word_1_662' title='bbox 2125 4485 2412 4567; x_wconf 83' lang='lat' dir='ltr'><strong>mensibus</strong></span> <span class='ocrx_word' id='word_1_663' title='bbox 2444 4482 2511 4538; x_wconf 89' lang='grc'><strong>10</strong></span> <span class='ocrx_word' id='word_1_664' title='bbox 2559 4482 2642 4538; x_wconf 86' lang='lat' dir='ltr'><strong>vir</strong></span> <span class='ocrx_word' id='word_1_665' title='bbox 2671 4467 2807 4538; x_wconf 87' lang='lat' dir='ltr'><strong>satis</strong></span> <span class='ocrx_word' id='word_1_666' title='bbox 2833 4479 3144 4559; x_wconf 83' lang='lat' dir='ltr'><strong>laudabilis.</strong></span> <span class='ocrx_word' id='word_1_667' title='bbox 3173 4477 3412 4541; x_wconf 48' lang='lat' dir='ltr'><strong>Cometa</strong></span> <span class='ocrx_word' id='word_1_668' title='bbox 3445 4476 3551 4544; x_wconf 83' lang='lat' dir='ltr'><strong>ap-.</strong></span> 
     </span>
    </p>
   </div>
   <div class='ocr_carea' id='block_1_100' title="bbox 1956 4586 3463 4649">
    <p class='ocr_par' dir='ltr' id='par_1_100' title="bbox 1956 4586 3463 4649">
     <span class='ocr_line' id='line_1_100' title="bbox 1956 4586 3463 4649; baseline 0.001 -16"><span class='ocrx_word' id='word_1_669' title='bbox 1956 4586 2170 4649; x_wconf 88' lang='lat' dir='ltr'><strong>parent.</strong></span> <span class='ocrx_word' id='word_1_670' title='bbox 3060 4618 3064 4625; x_wconf 74' lang='lat'><strong>.</strong></span> <span class='ocrx_word' id='word_1_671' title='bbox 3394 4637 3399 4642; x_wconf 90' lang='lat'><em>_</em></span> <span class='ocrx_word' id='word_1_672' title='bbox 3440 4612 3463 4635; x_wconf 70' lang='grc'>‹.</span> 
     </span>
    </p>
   </div>
   <div class='ocr_carea' id='block_1_101' title="bbox 2029 4658 3549 4738">
    <p class='ocr_par' dir='ltr' id='par_1_101' title="bbox 2029 4658 3549 4738">
     <span class='ocr_line' id='line_1_101' title="bbox 2029 4658 3549 4738; baseline -0.008 -13"><span class='ocrx_word' id='word_1_673' title='bbox 2029 4669 2153 4726; x_wconf 79' lang='lat'><strong>685.</strong></span> <span class='ocrx_word' id='word_1_674' title='bbox 2196 4669 2383 4727; x_wconf 65' lang='lat' dir='ltr'><strong>Romae</strong></span> <span class='ocrx_word' id='word_1_675' title='bbox 2408 4674 2537 4738; x_wconf 90' lang='lat' dir='ltr'><strong>post</strong></span> <span class='ocrx_word' id='word_1_676' title='bbox 2565 4665 2776 4737; x_wconf 89' lang='lat' dir='ltr'><strong>pascha</strong></span> <span class='ocrx_word' id='word_1_677' title='bbox 2803 4662 3068 4721; x_wconf 71' lang='lat' dir='ltr'><strong>defuncto</strong></span> <span class='ocrx_word' id='word_1_678' title='bbox 3106 4658 3549 4731; x_wconf 80' lang='lat' dir='ltr'><strong>Benedicto,.ex-</strong></span> 
     </span>
    </p>
   </div>
   <div class='ocr_carea' id='block_1_102' title="bbox 1956 4749 3556 4833">
    <p class='ocr_par' dir='ltr' id='par_1_102' title="bbox 1956 4749 3556 4833">
     <span class='ocr_line' id='line_1_102' title="bbox 1956 4749 3556 4833; baseline -0.003 -14"><span class='ocrx_word' id='word_1_679' title='bbox 1956 4762 2095 4819; x_wconf 87' lang='lat' dir='ltr'><strong>actis</strong></span> <span class='ocrx_word' id='word_1_680' title='bbox 2120 4761 2245 4833; x_wconf 90' lang='lat' dir='ltr'><strong>plus</strong></span> <span class='ocrx_word' id='word_1_681' title='bbox 2270 4760 2484 4819; x_wconf 90' lang='lat' dir='ltr'><strong>duobus</strong></span> <span class='ocrx_word' id='word_1_682' title='bbox 2511 4757 2804 4829; x_wconf 86' lang='lat' dir='ltr'><strong>mensibus</strong></span> <span class='ocrx_word' id='word_1_683' title='bbox 2826 4756 3117 4815; x_wconf 80' lang='lat' dir='ltr'><strong>Johanncs</strong></span> <span class='ocrx_word' id='word_1_684' title='bbox 3140 4751 3215 4820; x_wconf 55' lang='grc' dir='ltr'>Υ.</span> <span class='ocrx_word' id='word_1_685' title='bbox 3234 4766 3376 4823; x_wconf 59' lang='grc' dir='ltr'>νίψει</span> <span class='ocrx_word' id='word_1_686' title='bbox 3396 4749 3556 4816; x_wconf 57' lang='lat'><strong>84‘&quot;.</strong></span> 
     </span>
    </p>
   </div>
   <div class='ocr_carea' id='block_1_103' title="bbox 1959 4840 3569 4921">
    <p class='ocr_par' dir='ltr' id='par_1_103' title="bbox 1959 4840 3569 4921">
     <span class='ocr_line' id='line_1_103' title="bbox 1959 4840 3569 4921; baseline -0.007 -11"><span class='ocrx_word' id='word_1_687' title='bbox 1959 4840 2101 4912; x_wconf 84' lang='lat' dir='ltr'><strong>sedit</strong></span> <span class='ocrx_word' id='word_1_688' title='bbox 2142 4867 2289 4909; x_wconf 92' lang='lat' dir='ltr'><strong>anno</strong></span> <span class='ocrx_word' id='word_1_689' title='bbox 2320 4852 2371 4906; x_wconf 90' lang='grc'><strong>1.</strong></span> <span class='ocrx_word' id='word_1_690' title='bbox 2408 4850 2515 4919; x_wconf 91' lang='lat' dir='ltr'><strong>Qui</strong></span> <span class='ocrx_word' id='word_1_691' title='bbox 2541 4850 2699 4921; x_wconf 90' lang='lat' dir='ltr'><strong>prius</strong></span> <span class='ocrx_word' id='word_1_692' title='bbox 2754 4845 3231 4909; x_wconf 81' lang='lat' dir='ltr'><strong>archidiaconus,</strong></span> <span class='ocrx_word' id='word_1_693' title='bbox 3252 4843 3485 4913; x_wconf 50' lang='lat' dir='ltr'><strong>legatus,</strong></span> <span class='ocrx_word' id='word_1_694' title='bbox 3506 4842 3569 4905; x_wconf 73' lang='lat' dir='ltr'><strong>in</strong></span> 
     </span>
    </p>
   </div>
   <div class='ocr_carea' id='block_1_104' title="bbox 1960 4930 3583 5016">
    <p class='ocr_par' dir='ltr' id='par_1_104' title="bbox 1960 4930 3583 5016">
     <span class='ocr_line' id='line_1_104' title="bbox 1960 4930 3583 5016; baseline -0.014 -11"><span class='ocrx_word' id='word_1_695' title='bbox 1960 4955 2114 5016; x_wconf 83' lang='lat' dir='ltr'><strong>sexta</strong></span> <span class='ocrx_word' id='word_1_696' title='bbox 2151 4944 2348 5002; x_wconf 89' lang='lat' dir='ltr'><strong>sinodo</strong></span> <span class='ocrx_word' id='word_1_697' title='bbox 2384 4942 2700 5014; x_wconf 72' lang='lat' dir='ltr'><strong>apostolica:</strong></span> <span class='ocrx_word' id='word_1_698' title='bbox 2737 4943 2899 5002; x_wconf 73' lang='lat' dir='ltr'><strong>sedis</strong></span> <span class='ocrx_word' id='word_1_699' title='bbox 2936 4935 3159 5009; x_wconf 67' lang='lat' dir='ltr'><strong>fuerat.</strong></span> <span class='ocrx_word' id='word_1_700' title='bbox 3188 4930 3583 5001; x_wconf 53' lang='grc' dir='ltr'><strong>Ωοιιςιλιῄὴοε,</strong></span> 
     </span>
    </p>
   </div>
   <div class='ocr_carea' id='block_1_105' title="bbox 1960 5021 3592 5110">
    <p class='ocr_par' dir='ltr' id='par_1_105' title="bbox 1960 5021 3592 5110">
     <span class='ocr_line' id='line_1_105' title="bbox 1960 5021 3592 5110; baseline -0.013 -14"><span class='ocrx_word' id='word_1_701' title='bbox 1960 5026 2076 5110; x_wconf 85' lang='lat' dir='ltr'><strong>poli</strong></span> <span class='ocrx_word' id='word_1_702' title='bbox 2119 5036 2482 5096; x_wconf 89' lang='lat' dir='ltr'><strong>Constantino</strong></span> <span class='ocrx_word' id='word_1_703' title='bbox 2537 5035 2894 5103; x_wconf 71' lang='lat' dir='ltr'><strong>imperatore</strong></span> <span class='ocrx_word' id='word_1_704' title='bbox 2944 5028 3264 5099; x_wconf 65' lang='lat' dir='ltr'><strong>defuncto,</strong></span> <span class='ocrx_word' id='word_1_705' title='bbox 3290 5021 3592 5090; x_wconf 35' lang='lat' dir='ltr'><strong>t‘diussejus,</strong></span> 
     </span>
    </p>
   </div>
   <div class='ocr_carea' id='block_1_106' title="bbox 1961 5112 3595 5205">
    <p class='ocr_par' dir='ltr' id='par_1_106' title="bbox 1961 5112 3595 5205">
     <span class='ocr_line' id='line_1_106' title="bbox 1961 5112 3595 5205; baseline -0.014 -17"><span class='ocrx_word' id='word_1_706' title='bbox 1961 5128 2310 5205; x_wconf 63' lang='lat' dir='ltr'><strong>Iustinianus</strong></span> <span class='ocrx_word' id='word_1_707' title='bbox 2342 5112 2589 5199; x_wconf 84' lang='lat' dir='ltr'><strong>regnavit</strong></span> <span class='ocrx_word' id='word_1_708' title='bbox 2616 5125 2806 5188; x_wconf 84' lang='lat' dir='ltr'><strong>annis</strong></span> <span class='ocrx_word' id='word_1_709' title='bbox 2835 5124 2932 5195; x_wconf 77' lang='lat' dir='ltr'><strong>t0;</strong></span> <span class='ocrx_word' id='word_1_710' title='bbox 2980 5131 3114 5192; x_wconf 80' lang='lat' dir='ltr'><strong>qui</strong></span> <span class='ocrx_word' id='word_1_711' title='bbox 3136 5114 3312 5185; x_wconf 75' lang='lat' dir='ltr'><strong>heresi</strong></span> <span class='ocrx_word' id='word_1_712' title='bbox 3336 5112 3595 5185; x_wconf 69' lang='lat' dir='ltr'><strong>pollutus,</strong></span> 
     </span>
    </p>
   </div>
   <div class='ocr_carea' id='block_1_107' title="bbox 1962 5218 2684 5285">
    <p class='ocr_par' dir='ltr' id='par_1_107' title="bbox 1962 5218 2684 5285">
     <span class='ocr_line' id='line_1_107' title="bbox 1962 5218 2684 5285; baseline -0.012 -6"><span class='ocrx_word' id='word_1_713' title='bbox 1962 5219 2287 5285; x_wconf 82' lang='lat' dir='ltr'><strong>orthodoxis</strong></span> <span class='ocrx_word' id='word_1_714' title='bbox 2314 5227 2400 5276; x_wconf 89' lang='lat' dir='ltr'><strong>est</strong></span> <span class='ocrx_word' id='word_1_715' title='bbox 2425 5218 2684 5279; x_wconf 73' lang='lat' dir='ltr'><strong>infestus.</strong></span> 
     </span>
    </p>
   </div>
   <div class='ocr_carea' id='block_1_108' title="bbox 1476 5372 2171 5437">
    <p class='ocr_par' dir='ltr' id='par_1_108' title="bbox 1476 5372 2171 5437">
     <span class='ocr_line' id='line_1_108' title="bbox 1476 5372 2171 5437; baseline 0.01 -9"><span class='ocrx_word' id='word_1_716' title='bbox 1476 5372 1713 5436; x_wconf 73' lang='lat' dir='ltr'><strong>VARle</strong></span> <span class='ocrx_word' id='word_1_717' title='bbox 1750 5373 2171 5437; x_wconf 82' lang='lat' dir='ltr'><strong>LECTIONES.</strong></span> 
     </span>
    </p>
   </div>
  </div>
