3996 5474
449 261 605 344 13119

1424 288 1517 344 an
1549 287 1778 346 OPEltA
1817 292 1874 347 s.
1917 290 2249 350 cnseoan
2284 278 2728 356 APPENDICES.

3581 304 3716 361 1540

521 376 645 453 636.
687 396 876 457 Romae
927 400 1187 458 defuncto
1231 399 1502 470 Ionanne,
1551 413 1676 474 post
1727 405 1763 460 5
1814 420 2033 462 menses
2061 408 2108 465 A
2133 406 2373 464 Leonem
2416 420 2471 466 et
2523 410 2816 484 Tyberium
2871 412 3082 485 imperii
3130 431 3453 486 pervaseres
3494 418 3714 474 occidit.

448 487 664 557 Conon,
694 506 834 562 papa
883 492 1036 561 85'",
1066 493 1372 561 ordinatus,
1415 495 1555 550 sedit
1606 496 1888 553 mensibus
1944 497 2031 567 11,

449 581 535 634 vir
562 581 689 641 item
728 570 1033 639 laudabilis.
1066 583 1128 638 In
1157 583 1435 640 Britannia
1485 595 1709 642 sanctus
1753 586 2031 645 Iohannes

451 669 898 743 Hagustaldensis
925 677 1428 747 episcopus‘ciarus
1450 678 1703 733 habetur.

522 766 646 821 687.
692 765 877 824 Roma:
904 768 1166 826 defuncto
1190 770 1417 827 Conone
1460 773 1667 829 exactis
1696 772 1807 828 fere
1826 774 1860 828 5
1879 789 2033 828 men-

451 857 624 926 sibus,
657 856 901 932 Sergius,
934 877 1073 932 papa
1123 862 1276 931 86‘",
1331 865 1469 919 sedit
1503 866 1664 920 annis
1717 865 1815 932 15,
1853 881 2028 921 mens.

449 946 565 1003 fere
591 948 644 1004 9.
675 948 782 1018 Qui
809 951 864 1005 in
908 952 1016 1008 ﬁde
1065 954 1333 1011 catholica
1384 956 1569 1023 fortis,
1599 957 2031 1026 persecutionem

448 1039 519 1093 ab
538 1050 772 1113 augusto
797 1041 1106 1100 Iustiniano
1129 1061 1328 1115 passus
1379 1055 1484 1103 est.
1518 1047 1615 1103 Vir
1653 1049 1852 1119 quippe
1900 1063 2031 1103 san-

448 1137 571 1187 ctus
598 1140 653 1187 et
683 1134 939 1190 omnibus
963 1134 1124 1192 bonis
1154 1137 1416 1194 intentus.

518 1222 643 1279 688.
683 1224 937 1280 Ceadwal
989 1242 1086 1282 rex
1141 1230 1561 1285 occidentalium
1619 1229 1929 1298 Saxonum,
1963 1230 2032 1286 ad

448 1311 612 1368 fidem
637 1312 1175 1375 Christi-conversus
1214 1321 1282 1357 ¹⁹⁸
1326 1321 1557 1377 Romam
1587 1321 1655 1355 ⁸³⁸
1681 1323 1850 1389 venit,
1895 1331 1950 1377 et
1975 1322 2031 1376 in

450 1403 680 1461 sabbato
714 1418 906 1466 sancto
932 1412 1151 1481 paschae
1180 1428 1212 1467 a
1244 1411 1436 1485 Sergio
1475 1429 1615 1485 papa
1642 1415 1949 1484 baptizatus
1976 1421 2032 1470 et

447 1491 644 1551 Petrus
666 1508 913 1568 vocatus,
973 1502 1107 1558 inibi
1161 1504 1216 1558 in
1246 1505 1402 1560 albis
1446 1504 1760 1573 defunctus,
1794 1506 1864 1562 ab
1911 1507 2033 1577 ipso

448 1599 588 1656 papa
618 1604 836 1646 summo
860 1592 1067 1650 honore
1093 1596 1395 1655 tumulatus
1427 1605 1483 1655 et
1523 1599 1838 1671 epithaphio
1875 1601 2037 1657 deco-~

447 1685 603 1733 ratus
625 1689 729 1737 est.
1470 1716 1473 1719 '

2136 496 2462 555 Callicinum
2495 504 2863 571 patriarcbam
2898 518 3214 563 excecatum
3256 509 3490 565 Romam
3549 512 3714 579 misit,

2134 597 2187 643 et
2208 589 2261 642 in
2285 590 2404 645 loco
2427 592 2547 662 ejus
2572 592 2774 665 Cyrum
2797 596 3066 665 abbatem,
3082 596 3177 669 qui
3208 614 3269 655 se
3294 599 3350 655 in
3374 600 3553 657 Ponto
3581 619 3716 658 exn--

2133 678 2243 733 lem
2281 679 2511 749 aluerat,
2542 686 2831 752 promovit.
2872 687 2950 743 De
3000 689 3104 744 hoc
3161 690 3494 762 imperatore
3521 693 3712 761 fertur,

2133 772 2282 841 quod
2312 775 2570 843 quotiens
2600 793 2632 832 a
2666 778 3007 837 detruncatis
3045 783 3272 839 naribus
3300 784 3575 855 pronaum
3611 797 3717 843 ter-

2132 862 2286 930 serit,
2310 867 2506 922 totiens
2529 868 2767 939 aliquem
2787 871 2853 926 de
2868 872 3106 929 inimicis
3117 875 3230 930 suis
3250 878 3446 946 perimi
3464 878 3713 947 jusserit.

2131 952 2319 1011 Romae
2338 955 2616 1016 Iohannes
2650 960 2755 1029 Vll,
2781 979 2920 1034 papa
2950 965 3102 1034 88"“,
3126 969 3264 1024 sedit
3291 971 3454 1027 annis
3477 972 3714 1041 duobus,

2131 1047 2413 1102 mensibus
2467 1048 2581 1106 fere
2630 1051 2685 1119 8,
2715 1054 2802 1107 vir
2844 1054 3113 1114 facundus
3150 1066 3206 1114 et
3250 1062 3521 1118 eruditus.
3574 1062 3715 1121 San-

2132 1144 2254 1194 ctus
2279 1139 2347 1171 ¹⁹⁶
2376 1139 2547 1198 Heddi
2566 1144 2854 1216 episcopus
2880 1150 3134 1220 migravit
3160 1152 3228 1206 ad
3251 1151 3574 1209 Dominum.

2206 1227 2326 1284 706.
2364 1230 2643 1289 Iohannes
2668 1251 2806 1306 papa
2849 1241 3151 1296 oratorium
3185 1248 3393 1298 sanctae
3431 1240 3622 1302 Maria:
3649 1249 3715 1303 ad

2135 1317 2397 1377 Sanctum
2423 1322 2643 1381 Petrum
2668 1331 2995 1399 construxit,
3025 1339 3082 1388 et
3106 1332 3308 1389 multas
3335 1335 3589 1392 aiclcsias
3621 1353 3713 1394 or-

2132 1412 2299 1469 navit.
2564 1442 2567 1447 ·
3398 1446 3399 1449 ‘

2206 1503 2327 1560 707.
2368 1504 2484 1564 Hoc
2515 1516 2757 1580 tempore
2808 1512 3129 1571 llaribertus
3176 1531 3273 1572 rex
3326 1517 3717 1592 Langobardo-

2130 1610 2254 1651 rum
2311 1601 2714 1667 possessionem
2769 1604 2973 1674 alpium
3031 1606 3359 1677 Cottiarum;
3422 1612 3637 1667 dudum
3682 1618 3729 1670 a'

2080 1708 2103 1773 ζ
2132 1684 2490 1757 Longobartis
2528 1701 2739 1761 captam
2784 1701 2839 1748 et
2879 1694 3171 1763 detentam,
3220 1713 3318 1767 per
3365 1701 3712 1773 privilegium

517 1770 646 1827 689.
686 1771 745 1828 In
775 1773 927 1831 Italia
957 1777 1173 1834 Alachis
1203 1779 1316 1835 dux
1359 1782 1702 1859 tyrannidem
1724 1783 1943 1854 invasit,
1974 1793 2030 1841 et
2061 1758 2104 1814 Β
2128 1779 2314 1834 aureis
2325 1779 2511 1885 literis
2541 1758 2802 1853 scriptum
2829 1795 3021 1841 sancto
3048 1758 3597 1885 Petis—Johabnisug
3619 1810 3715 1865 pa-

447 1861 686 1919 maxime
716 1865 945 1923 clericos
975 1869 1300 1942 insequitur.

516 1953 641 2010 690.
685 1955 1008 2016 Theodorus
1081 1965 1447 2022 venerabilis'
1481 1966 1782 2040 Anglorum
1848 1970 2029 2025 archi-

446 2046 761 2117 episcopus,
797 2066 945 2107 anno
989 2053 1256 2111 adventus
1285 2057 1371 2113 sui
1412 2058 1469 2113 in
1518 2058 1857 2115 Britanniam
1901 2062 2024 2130 23°,

447 2139 623 2194 uitatis
657 2155 787 2197 vero
815 2142 941 2212 88°,
967 2145 1236 2216 decessit;
1267 2149 1362 2219 qui
1393 2149 1592 2206 librum
1623 2149 2029 2223 penitentialem

447 2229 583 2284 satis
611 2231 799 2286 utilem
825 2237 1173 2307 conscripsit.

518 2319 643 2375 694.
687 2320 784 2378 His
812 2325 1008 2381 diebus
1027 2328 1138 2383 duo
1166 2327 1327 2402 Angli
1354 2332 1663 2402 presbiteri,
1693 2335 1822 2389 dum
1851 2334 2029 2390 Saxo-

447 2409 611 2465 nibus
640 2415 1020 2484 prasdicarent,
1053 2421 1305 2476 martirio
1354 2427 1627 2493 coronati,
1657 2434 1713 2481 et
1748 2428 2029 2486 miraculis

446 2498 726 2570 declarati,
758 2518 788 2557 a
810 2502 1007 2575 Pipino
1033 2507 1279 2566 Coloniae
1308 2521 1437 2567 sunt
1468 2517 1742 2572 tumulati.

515 2586 641 2644 695.
683 2589 1162 2667 Constantinopoli
1180 2597 1521 2658 Iustinianus
1548 2604 1846 2675 imperator
1870 2608 2031 2665 here-

444 2677 587 2735 ticus
632 2697 666 2737 a
714 2681 895 2741 Leone
930 2695 985 2742 et
1040 2687 1273 2761 Tyberio
1321 2693 1551 2752 abscisis
1602 2701 1826 2757 naribus
1859 2716 2027 2775 regno

442 2771 707 2857 expulsus
722 2783 830 2843 est,
853 2785 909 2832 et
937 2778 1054 2849 ipse
1080 2779 1190 2837 Leo
1218 2799 1446 2857 regnum
1475 2788 1509 2841 5
1538 2802 1714 2846 annos
1765 2771 2022 2850 obtinuit.

444 2855 544 2953 Vir
585 2873 810 2921 sanctus
858 2855 1342 2942 Willibrordus,va
1389 2875 1579 2950 Sergio
1635 2897 1775 2953 papa
1845 2887 2027 2940 archi-

442 2951 733 3026 episcopus
755 2959 1059 3019 ordinatus‘
1086 2972 1145 3019 et
1160 2965 1416 3024 Clemens
1442 2978 1687 3041 vocatus,
1710 2951 1864 3044 genti
1890 2976 2025 3032 Fre-

442 3057 643 3100 sonum
671 3050 995 3131 praedicans,
1026 3055 1321 3116 virtutibus
1345 3061 1560 3119 claruit.
1868 3078 1871 3079 '

513 3138 638 3196 696.
683 3141 915 3218 Sergius
952 3165 1112 3221 papa,
1166 3151 1400 3211 Do'mino
1442 3158 1738 3228 revelante,
1796 3178 2019 3233 capsam

442 3245 569 3286 cum
605 3235 856 3302 portione
881 3240 1170 3299 dominicae
1191 3247 1374 3302 crucis
1410 3248 1634 3305 invenit.

512 3322 636 3378 697.
677 3324 737 3381 In
766 3326 1046 3387 Britannia
1092 3345 1318 3392 sanctus
1370 3338 1709 3409 Cudbertus,
1767 3358 1834 3398 ex
1890 3360 2024 3400 ana-

440 3411 664 3470 choreta
717 3419 1040 3491 episcopus,
1104 3427 1361 3498 migravit
1413 3431 1482 3484 ad
1543 3431 1835 3488 Dominum
1899 3447 2022 3508 post

440 3503 643 3560 multas
688 3507 949 3579 virtutes;
986 3513 1145 3584 cujus
1177 3517 1347 3574 vitam
1406 3519 1550 3577 Beda
1604 3526 1871 3595 presbiter
1899 3503 2019 3584 —de-

442 3592 678 3663 scripsit.

511 3684 636 3742 698.
675 3687 1153 3766 Constantinopoli
1211 3697 1461 3759 Tiberius
1512 3702 1802 3775 imperium
1866 3709 2021 3768 inva-

439 3772 598 3844 dens,
641 3777 879 3838 Leonem
928 3785 1310 3856 imperatorem
1348 3791 1381 3845 7
1437 3772 1608 3852 annis
1653 3799 1853 3870 quibus
1902 3803 2017 3876 ipse

437 3876 563 3936 post
591 3869 740 3927 hunc
774 3876 1041 3946 regnabat
1064 3879 1122 3933 in
1150 3896 1370 3939 carcere
1399 3887 1591 3943 tenuit.

671 3960 787 4020 Hoc
806 3973 1051 4038 tempore
1077 3972 1303 4030 sinodus
1332 3976 1731 4051 Aquilegiensis
1769 3982 1930 4053 facta,
1960 3995 2011 4043 et

435 4050 658 4119 quidam
696 4057 790 4125 qui
846 4061 1138 4117 concilium
1193 4064 1445 4134 quintum
1472 4050 1777 4130 universale
1823 4050 2015 4133 nolue-

434 4150 565 4197 runt
586 4145 848 4216 recipere,
877 4165 908 4205 a
939 4152 1132 4224 Sergio
1162 4171 1300 4226 papa
1329 4162 1560 4216 correcti
1589 4173 1737 4220 sunt.

509 4232 630 4290 701.
672 4237 857 4295 Romae
882 4242 1141 4302 defuncto
1191 4247 1403 4322 Sergio,
1440 4251 1719 4312 Iohannes
1759 4256 1843 4327 Vl,
1872 4276 2012 4335 papa

432 4323 584 4393 87'",
618 4329 758 4384 sedit
779 4334 939 4390 annis
967 4336 1020 4403 5,
1052 4340 1335 4397 mensibus
1363 4344 1418 4398 2.

2126 1886 2211 1942 pa:
2246 1872 2498 1929 reddidit.
3486 1901 3493 1905 -
3557 1872 3581 1885 '
3682 1918 3701 1937 .

2202 1962 2323 2020 708.
2360 1964 2548 2026 Romae
2594 1967 2865 2026 Sisinnius
2906 1987 3044 2042 papa
3088 1972 3214 2029 89‘"
3262 1978 3596 2048 ordinatus,
3631 1983 3714 2037 in-

2129 2062 2480 2125 gravescente
2519 2057 2777 2128 podagra,
2813 2058 2886 2112 20
2926 2068 3138 2116 tantum
3162 2063 3358 2121 diebus
3382 2072 3713 2139 supervixit.

2127 2143 2261 2201 Post
2277 2161 2438 2216 quem
2457 2145 2850 2206 Constantinus
2868 2166 3007 2222 papa
3033 2152 3159 2208 90'"
3170 2154 3417 2226 effectus,
3451 2161 3594 2216 sedit
3616 2178 3715 2218 an-

2129 2235 2217 2291 nis
2245 2235 2297 2302 7,
2320 2234 2511 2291 diebus
2542 2236 2629 2294 15.

2204 2325 2324 2381 709.
2361 2326 2674 2385 Coenredus
2712 2344 2809 2385 rex
2839 2329 3187 2403 Merciorum,
3218 2335 3295 2392 et'
3317 2353 3445 2394 cum
3478 2356 3549 2396 eo
3590 2342 3715 2399 Otl’a

2129 2416 2313 2489 regius
2341 2418 2579 2488 juvenis,
2622 2420 2770 2477 ﬁlius
2800 2420 3035 2494 Sigiberi
3073 2427 3237 2497 regis,
3282 2430 3490 2488 relict's
3527 2437 3715 2505 regnis

2130 2509 2361 2566 Romam
2381 2511 2625 2579 veniunt,
2668 2513 2852 2584 ibique
2879 2518 3134 2572 monachi
3169 2519 3368 2590 eﬂ'ccti,
3395 2538 3507 2579 non
3535 2528 3716 2583 multo

2128 2611 2254 2673 post
2283 2603 2555 2685 obierunt.
2577 2604 2865 2663 Wilfridus
2886 2608 3185 2680 Anglorum
3215 2613 3508 2686 episcopus
3549 2617 3711 2688 obiit,

2127 2694 2216 2749 cui
2246 2681 2388 2750 Acca
2409 2684 2695 2752 sucCessit.

2201 2786 2321 2842 7l0.
2361 2787 2635 2845 Adrianus
2663 2790 2834 2848 abbas
2866 2794 3214 2864 venerabilis,
3238 2812 3385 2855 anno
3413 2816 3481 2856 ex
3517 2817 3635 2873 quo
3681 2820 3712 2861 a

2129 2878 2399 2936 Vitaliano
2423 2899 2561 2953 papa
2598 2882 2654 2937 in
2679 2884 3013 2940 Britanniam
3037 2902 3161 2943 cum
3194 2887 3484 2947 Theodoro
3523 2897 3714 2951 archi-

2126 2973 2384 3043 episcOpo
2414 2975 2618 3031 missus
2638 2984 2721 3030 est
2741 2977 2833 3030 41°
2857 2978 3007 3033 obiit.
3042 2978 3387 3039 Hildebertus
3416 2999 3517 3039 rex
3540 2984 3714 3044 Fran-

2126 3079 2315 3119 corum
2343 3065 2499 3131 obiit,
2531 3080 2630 3135 pro
2654 3081 2764 3137 quo
2792 3066 3129 3139 Dagobertus
3158 3071 3318 3127 annis
3348 3074 3403 3128 5.

2198 3155 2317 3210 711.
2354 3157 2821 3229 Constantinopoli
2832 3159 3166 3233 Philippicus
3184 3163 3487 3236 imperator
3502 3167 3707 3239 factus,

2124 3247 2491 3307 Iustinianum
2547 3253 2935 3323 imperatorem
2974 3256 3193 3324 occidit,
3237 3267 3291 3313 et
3335 3258 3457 3330 ipse
3499 3275 3710 3319 annum

2123 3351 2293 3395 unum
2332 3350 2387 3397 et
2433 3356 2530 3397 sex
2572 3359 2790 3400 menses
2839 3346 3112 3416 regnavit,
3165 3348 3472 3406 catholicos
3512 3366 3709 3425 perae.

2120 3448 2323 3502 quens,
2381 3434 2636 3490 hereticis
2693 3434 2900 3491 favens.
2948 3436 3055 3509 (Cf.
3105 3436 3267 3494 ϐατά
3317 3449 3495 3511 ponit.
3526 3442 3708 3513 Rom.)

2126 3523 2271 3578 Unde
2296 3526 2361 3556 ³⁸⁷
2387 3534 2437 3580 et
2480 3542 2514 3580 a
2556 3525 2906 3582 Constantino
2932 3544 3068 3605 papa
3094 3530 3162 3563 ⁸⁸⁸
3185 3531 3704 3591 anathematizatur.

2123 3613 2451 3685 Quapropter
2473 3618 2618 3687 regni
2643 3618 2969 3687 principibus
2994 3636 3110 3673 eum
3128 3638 3225 3691 pro
3246 3626 3709 3682 cxcommum'cato

2117 3707 2492 3776 devitantibus,
2520 3708 2723 3779 regium
2745 3709 2993 3765 diadema
3018 3712 3274 3782 deponere
3302 3716 3667 3786 compellitur.

2189 3799 2311 3854 m.
2349 3797 2670 3865 Hei-ibertas
2695 3814 2789 3854 rex
2810 3800 3295 3873 Longobardorum
3316 3808 3580 3876 moritur,
3606 3823 3707 3880 pro

2120 3906 2226 3962 quo
2247 3890 2650 3961 Liudpranduss

2187 3983 2306 4038 715.
2342 3983 2812 4058 ConstantinOpoli
2833 3984 3155 4043 Anastasius
3172 3987 3542 4061 Philippicum
3568 4010 3704 4049 ocn-

2111 4076 2181 4132 lis
2207 4084 2261 4131 et
2293 4092 2460 4147 regno
2493 4078 2748 4147 privavit,
2780 4085 2836 4132 et
2864 4078 2980 4148 ipse
3010 4080 3170 4136 annis
3191 4080 3227 4134 5
3249 4083 3522 4152 regnavit.

2184 4168 2306 4224 714.
2347 4167 2673 4225 Anastasius
2727 4169 3026 4240 imperator
3088 4172 3277 4228 missis
3328 4171 3703 4233 Constantino

2108 4278 2262 4333 papa).
2292 4262 2508 4330 litteris,
2540 4279 2599 4319 se
2631 4264 2965 4320 catholicum
2996 4264 3315 4321 declaravit.
3353 4263 3591 4338 Pipinus
3632 4272 3701 4324 ti-

2109 4356 2218 4412 lius
2242 4355 2501 4427 Ansigisi,
2530 4369 2702 4425 nepos
2727 4355 2906 4412 sancti
2946 4354 3175 4424 Arnold,
3203 4358 3381 4429 major
3411 4360 3615 4418 domus
3646 4370 3703 4416 et

506 4415 626 4472 705.
669 4419 811 4477 Beda
846 4427 1114 4494 presbiter
1156 4431 1398 4503 Anglus,
1429 4437 1514 4491 vir
1559 4438 1753 4498 doctus
1773 4485 1789 4509 ,
1828 4460 2005 4517 usque
2036 4459 2082 4514 ι)
2107 4448 2217 4504 dux
2243 4415 2772 4513 Francorum,-anno
2797 4447 2952 4517 regni
2976 4447 3069 4501 27°
3093 4415 3258 4517 obiit;
3289 4415 3393 4519 pro
3416 4464 3534 4523 quo
3556 4415 3701 4508 hlium

430 4504 541 4604 huc
563 4509 823 4568 chronica
852 4517 1084 4575 minoris
1111 4522 1234 4577 libri
1259 4526 1326 4580 de
1354 4531 1690 4598 temporibus
1728 4504 1997 4604 perduiiit.

430 4595 546 4698 [loc
575 4608 818 4672 tempore
842 4623 967 4663 cum
996 4609 1242 4670 Gisulfus
1287 4617 1397 4672 dux
1443 4595 1742 4678 Beneventi
1779 4626 2007 4698 Campa-

428 4687 577 4743 niam
611 4703 850 4751 vastaret
873 4708 926 4754 et
937 4705 1182 4773 captivos
1202 4707 1513 4779 abduceret,
1543 4728 1574 4767 a
1601 4713 1849 4772 Iohanne
1863 4687 2002 4790 papa

425 4792 618 4927 Eastem
667 4790 980 4854 postulante
1027 4795 1171 4852 dona
1214 4799 1516 4873 accipiens,
1579 4809 1823 4878 captivos
1878 4812 2005 4867 red-

463 4886 481 4925 1
518 4871 582 4927 it.

463 4871 582 4927 idit.

2107 4539 2228 4611 ejus
2254 4535 2487 4593 Karolus
2511 4538 2756 4608 regnavit
2777 4540 2939 4594 annis
2972 4537 3063 4595 27.

2182 4629 2304 4685 715.
2346 4628 2534 4685 Roma:
2558 4630 2625 4661 ¹⁹⁹
2655 4628 2913 4686 defuncto
2959 4628 3323 4687 Constantino
3356 4646 3525 4704 papa,
3557 4634 3697 4691 Gre-

2107 4721 2293 4793 gorius
2317 4719 2381 4788 ll,
2408 4736 2546 4793 papa
2592 4720 2719 4777 91η·
2744 4722 2835 4789 ’“,
2860 4722 3002 4778 sedit
3032 4738 3205 4779 annos
3252 4725 3341 4791 15,
3380 4741 3602 4783 menses
3635 4729 3695 4797 9,

2109 4812 2197 4882 qui
2234 4811 2304 4843 ³⁸⁸
2343 4810 2410 4866 17
2460 4812 2699 4882 capitula
2745 4814 3059 4884 conscripsit
3099 4812 3301 4883 (1277).
3352 4814 3696 4888 Dagobertus

2101 4901 2308 4972 junior,
2346 4901 2490 4956 ﬁlius
2530 4899 2847 4970 Hildeberti,
2884 4919 2982 4959 rex
3021 4902 3361 4963 Francorum
3405 4908 3562 4975 obiit,
3591 4926 3697 4981 pro

497 4962 620 5017 704.
662 4963 721 5021 11::
771 4969 1049 5030 Britannia
1102 4976 1320 5037 Edilred
1362 5000 1456 5039 rc:
1510 4986 1846 5052 Martiarum.
1871 4994 2003 5050 reli-
2098 5008 2210 5052 uno
2234 4992 2568 5052 Balearicus.
2600 4996 2693 5052 aui
2718 4994 3001 5051 etiianiel.
