3996 5474
165 387 192 442 1
203 385 304 444 ’541

1051 387 1340 446 APPEND.
1377 387 1465 447 ιιι.
1505 419 1575 431 —-
1612 384 2049 444 MONUMENTA
2086 384 2545 443 GREGORIANA.

3296 381 3434 436 1542

164 501 274 566 Qui
297 497 649 554 Anastasium
673 498 1055 570 imperatorem
1081 517 1262 575 pugna
1290 504 1518 570 victum,
1541 504 1751 575 presbi-
1779 509 1826 565 Α
1851 503 2132 568 Favarias,
2161 517 2226 556 ex
2259 499 2608 569 Augensibus
2629 494 2892 552 fratribus
2917 495 3187 552 instructa
3214 502 3362 552 sunt.

164 601 345 646 terum
376 590 619 645 ordinari
649 589 795 646 fecit.

238 681 360 735 717.
403 680 592 737 Romae
653 681 882 754 Tyberis
942 699 1109 754 supra
1154 687 1378 742 modum
1445 687 1747 754 inundans,

163 771 340 826 multa
385 771 610 826 aediﬁcia
671 772 957 829 subvertit.
993 773 1108 830 Hoc
1146 784 1393 846 tempore
1421 777 1746 847 Winfridus,

161 859 262 928 qui
287 868 342 914 et
369 860 713 929 Bonifacius,
745 878 942 933 genere
971 865 1208 936 Anglus,
1238 867 1545 922 Germania:
1571 869 1750 938 genti-

160 949 270 1006 bus
315 951 544 1007 verbum
590 952 785 1009 salutis
832 954 1094 1024 przedicat
1140 957 1466 1012 auctoritate
1500 957 1708 1030 Gregor

159 1057 337 1111 Papa.

238 1132 360 1188 718.
397 1133 870 1206 Constantinopoli
901 1137 1012 1194 Leo
1053 1139 1352 1210 imperator
1393 1141 1553 1196 annis
1585 1142 1618 1196 9
1660 1157 1749 1197 re-

161 1224 368 1295 gnavit.
400 1225 572 1296 Cujus
604 1235 849 1298 tempore
890 1228 1179 1287 Sarraceni
1214 1231 1746 1304 Constantinopolim

160 1315 481 1372 obsidentes
521 1319 778 1388 triennio,
825 1322 1046 1378 tandem
1085 1323 1270 1379 divino
1319 1324 1546 1394 auxilio,
1578 1325 1745 1394 fame,

156 1415 336 1480 peste,
365 1406 514 1464 ferro
544 1409 898 1480 repelluntur.

235 1497 359 1554 710.
398 1497 636 1556 Sanctus
658 1500 976 1559 Bonifacius
1002 1519 1034 1559 a
1061 1503 1326 1577 Gregorio
1354 1521 1492 1577 papa
1516 1506 1744 1578 Mogon-

155 1589 290 1646 tiaci
313 1591 760 1663 archiepiscopus
791 1595 1097 1663 ordinatus,
1125 1596 1316 1652 multis
1338 1598 1592 1669 gentibus
1612 1614 1743 1670 pro-

157 1680 266 1734 fuit
297 1681 478 1737 verbis
503 1690 558 1738 et
580 1683 863 1753 exemplis.
1377 1719 1382 1724 -
1737 1673 1739 1676 1

232 1769 356 1826 720.
393 1771 610 1828 Mortuo
640 1772 945 1846 Helperieo,
999 1775 1334 1834 Teodericus
1369 1778 1515 1835 ﬁlius
1559 1779 1740 1852 Tago-

1923 594 2046 648 752.
2089 592 2323 647 Karolus
2357 590 2613 646 Gothiam
2640 588 2864 644 invadit.

1925 685 2048 740 755.
2087 683 2320 739 Karolus
2354 681 2657 737 exercitum
2696 679 3126 736 Sarracenorum
3147 678 3214 732 de
3239 675 3432 746 Ilispa«

1848 777 1958 832 niis
1981 775 2289 830 venientem
2319 773 2538 829 delevit.

1922 867 2046 922 754.
2085 865 2272 937 Augiaa
2300 864 2400 920 Eto
2425 865 2613 930 abbas,
2638 863 2842 918 Kebam
2868 876 3240 918 susccssorem
3267 857 3432 914 relin-

1847 974 2046 1029 quens,
2077 959 2194 1028 ipse
2216 957 2571 1027 Argentoraci
2588 957 2658 987 ὀδ
2681 955 2970 1026 episcopus
2990 961 3296 1024 promotus,
3318 965 3429 1004 non

1846 1049 2008 1122 longe
2055 1058 2184 1120 post
2218 1048 2306 1104 sui
2339 1047 2579 1103 nominis
2629 1045 2912 1100 Etenheim
2961 1044 3250 1100 cenobium
3297 1054 3429 1096 con-

1847 1142 2065 1198 struxit.

1921 1232 2044 1287 755.
2082 1231 2317 1286 Karolus
2361 1230 2490 1286 item
2531 1229 2723 1286 deletis
2757 1225 3075 1283 Sarracenis
3121 1223 3296 1277 victor
3342 1234 3428 1274 re-

1846 1324 1964 1380 diit.

1920 1415 2044 1470 756.
2086 1414 2322 1470 Karolus
2349 1413 2558 1470 Gothos
2581 1413 2760 1484 petiit,
2803 1419 2858 1467 et
2878 1409 3004 1465 inde
3031 1407 3208 1462 victor
3245 1404 3425 1468 rediit.

1845 1506 2132 1563 Audoinus
2151 1506 2442 1577 episcopus
2464 1506 2620 1561 obiit.
2643 1504 2831 1574 Augize
2850 1500 3107 1558 defuncto
3129 1505 3251 1568 post
3269 1496 3305 1550 2
3325 1511 3426 1550 an-

1845 1613 1950 1652 nos
2002 1595 2171 1663 Keba,
2215 1595 2518 1652 Ernfredus
2555 1595 2745 1665 Augiaa
2783 1593 2956 1648 abbas
2993 1598 3048 1645 et
3095 1585 3429 1644 Constantia:

1843 1689 2134 1760 episcopus
2169 1689 2414 1755 eﬂ'ectus,
2445 1689 2508 1742 l0
2536 1687 2697 1743 annis
2727 1684 2963 1756 praefuit.

1919 1781 2040 1836 757.
2082 1780 2316 1849 Karolus
2345 1780 2590 1840 Saxones
2621 1781 2794 1837 victos
2824 1777 2953 1833 fecit
2980 1774 3321 1831 tributarios.

154 1861 298 1917 berti
325 1877 421 1918 rex
455 1879 487 1918 a
517 1863 719 1920 Karolo
755 1867 1128 1923 constituitur.
1175 1869 1413 1926 Sanctus
1445 1870 1742 1930 Othmarus
1774 1875 1817 1929 Β
1915 1874 2037 1930 759.
2076 1872 2310 1930 Karolus
2346 1881 2516 1929 totam
2559 1872 2906 1929 Provinciam
2940 1885 3054 1925 sua:
3093 1865 3316 1937 subjicit
3339 1863 3426 1918 di-

154 1953 308 2009 cellze
343 1955 516 2011 sancti
543 1954 681 2011 Galli
709 1958 921 2029 primus
944 1959 1115 2016 abbas
1151 1963 1503 2030 constitutus,
1543 1964 1613 2019 40
1639 1980 1741 2020 an-

155 2045 243 2101 nis
273 2046 434 2102 rexit.

228 2136 323 2191 721
337 2177 352 2192 .
393 2136 626 2194 Karolus
640 2139 1029 2212 Reginfredum
1051 2143 1204 2210 vicit,
1224 2144 1531 2216 Andegavis
1549 2147 1742 2202 urbem

151 2227 207 2281 vi
230 2228 392 2298 cepit.
419 2227 654 2286 Sanctus
673 2230 950 2289 Johannes
974 2233 1426 2307 Hagustaldensis
1450 2239 1742 2309 episcopus

153 2316 312 2371 obiit.

228 2407 353 2462 722.
396 2407 630 2466 Karolus
671 2411 1048 2468 Alemanniam
1078 2423 1133 2469 et
1165 2413 1472 2484 Bajoariam
1502 2418 1735 2489 subegit.

225 2498 353 2554 725.
396 2500 582 2570 (Bson
627 2501 850 2572 Chron.)
896 2503 1010 2560 Hoc
1044 2513 1291 2576 tempore
1322 2522 1524 2577 corpus
1564 2509 1741 2564 sancti

153 2589 448 2661 Augustini
499 2593 568 2648 de
617 2592 869 2651 Sardinia
917 2595 972 2651 in
1016 2595 1270 2652 Ticinum
1327 2614 1358 2653 a
1406 2599 1741 2656 Ludbrando

154 2681 481 2738 translatum
501 2693 604 2740 est.

228 2773 355 2828 724.
395 2772 629 2830 Karolus
660 2778 894 2833 transito
924 2777 1118 2850 Ligere
1156 2778 1506 2850 Aquitaniam
1539 2790 1737 2838 vastat.

156 2864 398 2922 Sanctus
418 2865 718 2926 Pirminius
744 2871 914 2926 abbas
942 2879 999 2926 et
1018 2872 1447 2941 chorepiscOpus
1473 2889 1504 2926 a
1535 2872 1740 2929 Karolo

151 2956 346 3028 Augia:
387 2958 580 3015 insulae
619 2960 928 3031 praefectus,
961 2975 1238 3034 serpentes
1272 2965 1396 3018 inde
1422 2965 1649 3035 fugavit,
1687 2976 1743 3022 et

153 3051 491 3106 cenobialem
526 3053 693 3108 vitam
737 3055 811 3109 ibi
847 3055 1102 3122 instituit,
1135 3057 1296 3116 annis
1335 3057 1387 3111 5.
1430 3058 1498 3088 ⁸⁰¹
1540 3057 1739 3112 Choros

151 3157 322 3213 θνα-ε,
351 3145 492 3214 regio
525 3144 692 3200 latine
717 3146 936 3213 dicitur,
968 3148 1106 3202 unde
1129 3148 1549 3219 chorepiscopus,
1572 3150 1630 3203 id
1661 3160 1740 3206 est

151 3234 443 3304 regionalis
467 3237 761 3306 episcopus,
789 3240 879 3308 qui
914 3255 1005 3308 per
1038 3241 1270 3310 regiones
1295 3241 1568 3296 discurrit.

225 3325 351 3380 7'25.
391 3325 682 3383 Sarraceni
707 3329 909 3386 Gallias
934 3340 1153 3386 vastant
1173 3333 1352 3402 praeda
1383 3343 1437 3388 et
1463 3333 1732 3391 incendio.

227 3415 353 3472 726.
395 3416 501 3488 (Cf.
534 3417 797 3475 EiNllARDl
843 3421 1021 3476 Vitam
1063 3423 1277 3489 Karoli,
1313 3440 1362 3478 c.
1397 3426 1474 3496 1.)
1502 3425 1737 3482 Karolus

151 3506 495 3565 Sarracenos
520 3527 627 3566 una
661 3528 789 3568 cum
833 3529 961 3584 rege
1001 3529 1192 3570 eorum
1242 3518 1557 3586 prostravit.
1619 3517 1739 3576 Huc

148 3611 332 3667 usque
393 3596 538 3656 Beda
604 3601 932 3657 venerabilis
989 3609 1257 3673 presbiter
1317 3608 1577 3663 chronica
1636 3625 1739 3665 sua

148 3689 410 3760 perduxit
454 3691 510 3746 in
561 3693 760 3761 majori
805 3695 945 3749 libro
977 3696 1044 3750 de
1087 3699 1444 3766 temporibus.
1497 3699 1616 3756 Huc
1667 3702 1738 3734 ²⁰¹

147 3796 331 3851 usque
388 3798 617 3853 regnum
674 3785 1084 3855 Romanorum;
1141 3791 1342 3846 exhinc
1399 3791 1738 3849 Francorum

147 3881 501 3945 supputatur.
543 3875 777 3933 Karolus
805 3878 985 3948 Pipini
1024 3879 1188 3946 ﬁlius,
1221 3897 1346 3936 cum
1384 3883 1499 3952 jam
1529 3885 1738 3954 princi-

145 3974 343 4035 patum
385 3967 564 4038 major
604 3969 803 4025 domus
853 3970 921 4024 12
965 3972 1127 4026 annis
1160 3974 1446 4040 tenuisset,
1493 3977 1740 4045 posthzec

144 4057 386 4112 eundem
413 4059 780 4130 principatum
821 4063 888 4118 l5
922 4064 1085 4122 annis
1113 4065 1368 4131 obtinuit,
1409 4068 1630 4138 regibus
1656 4077 1741 4124 ta—

145 4163 277 4205 men
305 4151 362 4204 in
388 4150 641 4220 Francia,
677 4164 760 4210 set
780 4171 948 4225 parva
983 4155 1245 4227 dignitate
1279 4161 1654 4229 regnantibus.

223 4241 350 4296 727.
390 4242 624 4300 Karolus
659 4245 1030 4318 Burgundiam
1061 4258 1272 4319 petens,
1304 4266 1427 4306 eam
1469 4253 1576 4308 sibi
1603 4254 1739 4309 sub-

144 4332 278 4404 egit.
299 4331 533 4391 Sanctus
554 4335 853 4395 Pirminius
871 4355 940 4395 ex
956 4341 1125 4412 Augia
1147 4343 1360 4410 pulsus,
1387 4343 1614 4400 Etonem
1639 4361 1740 4416 pro

146 4439 210 4480 se
231 4426 520 4482 constituit
547 4429 820 4498 abbatem,
844 4441 900 4487 et
921 4432 1038 4503 ipse
1069 4433 1356 4504 Alsatiam,
1394 4437 1501 4492 alia
1530 4437 1739 4494 instru-

145 4523 345 4574 cturus
373 4521 622 4576 coanobia
643 4523 818 4592 petiit.

222 4609 352 4665 728.
391 4610 627 4669 Karolus
661 4614 1014 4684 Aquitaniam
1046 4618 1166 4674 sine
1199 4619 1340 4675 bello
1375 4621 1588 4692 recipit.

221 4701 348 4759 729.
391 4703 624 4761 Sanctus
674 4706 940 4778 Egbertus
997 4712 1266 4780 presbiter
1319 4713 1526 4783 Anglus
1578 4715 1734 4784 obiit,

146 4805 299 4847 anno
325 4794 502 4850 aetatis
527 4795 614 4864 90,
643 4796 732 4851 die
755 4801 992 4867 paschae,
1017 4800 1070 4854 id
1093 4809 1179 4856 est
1209 4801 1241 4853 8
1261 4800 1488 4857 Kalend.
1516 4803 1662 4861 Maii.

221 4884 348 4940 750.
391 4884 682 4944 Sarraceni
720 4889 1082 4946 Avinnionem
1130 4893 1321 4950 urbem
1373 4896 1636 4967 capiunt,
1680 4907 1738 4958 et

146 4977 582 5050 circumquaque
607 4982 860 5052 regiones
889 4985 1194 5041 devastant.

219 5069 347 5124 751.
388 5071 618 5130 Karolus
667 5073 1061 5144 Avinnionem,
1108 5079 1250 5134 cesis
1297 5078 1636 5153 Sarracenis,
1680 5088 1737 5145 vi

147 5171 513 5208 Mcmmnatam
563 5167 752 5208 ronini‘
827 5170 867 5184 "‘
920 5170 968 5208 ἠ
1018 5172 1287 5208 nrmhirm-
1326 5179 1377 5208 οι
1429 5180 1735 5208 τηαν-ατη...-

1845 1966 2001 2022 tioni.

1917 2057 2039 2114 740.
2080 2056 2252 2113 Victis
2291 2057 2720 2127 circumquaque
2746 2053 3022 2120 hostibus,
3049 2068 3154 2123 pax
3188 2058 3244 2106 et
3272 2047 3428 2121 quies

1841 2166 2011 2221 regno
2032 2149 2371 2206 Francorum
2397 2149 2540 2205 facta
2565 2160 2650 2204 est
2672 2165 2768 2218 per
2794 2147 3076 2202 Karolum.

1915 2241 2038 2296 741.
2082 2240 2270 2296 Romae
2300 2241 2614 2306 Zacharias,
2641 2255 2777 2310 papa
2809 2240 2959 2305 95“,
2987 2237 3124 2292 sedit
3145 2248 3320 2301 annos
3339 2231 3425 2297 10,

1842 2349 2060 2388 menses
2089 2334 2142 2387 4.
2191 2333 2423 2389 Karolus
2453 2333 2687 2387 moritur
2715 2331 3002 2395 Carisiaci,
3035 2337 3089 2383 et
3111 2326 3252 2397 apud
3284 2323 3426 2380 San-

1842 2434 1992 2480 ctum
2023 2425 2328 2480 Dionisium
2361 2424 2648 2494 sepelitur;
2687 2439 2788 2493 pro
2813 2438 2925 2492 quo
2949 2421 3044 2475 ﬁlii
3085 2419 3226 2489 ejus,
3254 2416 3430 2472 diviso

1844 2517 1988 2572 inter
2013 2533 2072 2572 se
2101 2533 2274 2588 regno
2302 2515 2662 2581 Francorum,
2695 2514 2933 2583 majores
2958 2513 3158 2568 domus
3199 2505 3430 2578 praefue-

1842 2617 1992 2674 runt,
2036 2607 2438 2663 Karlomannus
2466 2607 2626 2662 annis
2661 2606 2715 2672 6,
2738 2606 2966 2676 Pipinus
2997 2603 3157 2658 annis
3181 2600 3268 2656 10.

1915 2699 2039 2754 742.
2079 2698 2483 2754 Karlomannus
2530 2705 2587 2751 et
2631 2695 2860 2765 Pipinus
2906 2694 3076 2748 duces
3118 2687 3428 2759 Aquitaniae

1839 2799 1896 2844 et
1921 2789 2136 2844 Suevia:
2160 2787 2484 2842 rebellantes
2512 2786 2624 2840 cito
2654 2783 3026 2852 comprimunt
3052 2780 3144 2832 "5.

1916 2879 2038 2935 744.
2077 2880 2349 2935 Fuldense
2371 2877 2661 2934 cenobium
2692 2876 2746 2929 in
2770 2874 2911 2930 saltu
2933 2869 3213 2928 Bocbonia
3234 2884 3268 2925 a
3293 2880 3424 2926 san-

1841 2981 1931 3029 cto
1953 2972 2234 3028 Bonifacio
2256 2969 2668 3040 archiepiscopo
2691 2965 2976 3022 fundatum
2999 2971 3102 3020 est.

1916 3067 2040 3122 745.
2078 3064 2482 3120 Karlomannus
2503 3077 2630 3118 cum
2657 3060 2824 3116 fratre
2840 3055 3138 3113 Saxoniam
3163 3051 3430 3108 rebellan-

1841 3168 1950 3216 tem
1981 3158 2234 3214 vastavit.
2607 3198 2614 3213 ,

1913 3251 2036 3305 746.
2081 3249 2318 3304 Sanctus
2348 3244 2666 3300 Bonifacius
2708 3248 2985 3298 annuente
3030 3237 3424 3302 Karlomanno,

1841 3343 2165 3398 auctoritate
2213 3339 2493 3394 Zachariae
2533 3352 2688 3407 papa:
2708 3335 2848 3390 duos
2893 3333 2951 3387 in
3001 3346 3101 3386 sua
3134 3326 3428 3400 parrochia

1839 3434 2187 3505 episcopatus
2221 3432 2370 3499 facit,
2402 3429 2903 3499 Wirziburgcnsem
2923 3423 3150 3489 scilicet,
3175 3419 3264 3476 cui
3294 3434 3429 3475 san-

1839 3537 1989 3582 ctum
2019 3524 2428 3591 Burchardum,
2463 3530 2518 3576 et
2542 3519 2994 3584 Eichstetensem,
3037 3514 3127 3570 cui
3173 3517 3426 3568 sanctum

1841 3617 2239 3682 Willibaldum,
2265 3613 2737 3685 conproviuciales
2778 3625 2932 3676 suos,
2961 3607 3171 3678 primos
3207 3603 3426 3673 episco-

1840 3726 1941 3783 pos
1976 3708 2269 3766 ordinavit.
2299 3706 2582 3771 Sidonius,
2613 3703 2802 3773 Augiae
2833 3699 3160 3763 monachus,
3201 3694 3430 3766 quintus

1841 3805 1891 3859 ei
1916 3804 2040 3859 loco
2066 3802 2258 3867 abbas,
2283 3797 2730 3865 Constantizeque
2755 3794 3046 3864 episcopus
3067 3789 3268 3853 factus,
3289 3800 3431 3856 prte-

1840 3893 1943 3949 fuit
1967 3895 2127 3949 annis
2161 3894 2260 3958 l5;
2291 3891 2388 3960 qui
2419 3890 2611 3946 cellam
2657 3902 2878 3957 quoque
2911 3883 3086 3940 sancti
3133 3881 3270 3937 Galli
3303 3894 3432 3934 am-

1843 3987 2020 4052 biens,
2050 3985 2254 4055 iniquis
2274 3982 2614 4052 principibus
2640 3980 2696 4033 in
2716 3977 3068 4034 damnatione
3098 3973 3276 4030 sancti
3293 3970 3430 4028 0th-

1843 4078 1983 4133 mari
2013 4077 2226 4132 abbatis
2253 4073 2552 4130 consensit.

1916 4167 2038 4222 747.
2075 4166 2478 4220 Karlomaunus
2517 4175 2617 4230 pro
2663 4159 2758 4215 Dei
2803 4172 2990 4214 amore
3030 4155 3237 4210 mundo
3269 4152 3430 4208 abre-

1841 4261 2124 4324 nuntians,
2155 4259 2210 4312 in
2238 4265 2422 4313 castro
2445 4255 2678 4310 Cassino
2706 4252 3034 4308 monachum
3059 4265 3118 4304 se
3143 4248 3293 4304 fecit.

1915 4350 2038 4406 750.
2081 4349 2308 4419 Pipinus
2341 4346 2606 4418 Gripboni
2660 4346 2727 4399 12
2754 4345 3048 4400 comitatus
3089 4342 3146 4396 in
3180 4339 3429 4412 partibus

1840 4441 2109 4497 Ncustriae
2135 4441 2300 4496 dedit.

1771 4551 1816 4606 ι)
1912 4533 2034 4588 751.
2081 4532 2306 4601 Pipinus
2348 4528 2534 4585 missis
2583 4527 2814 4582 Romam
2856 4524 3074 4595 legatis,
3104 4519 3428 4577 Zachariam

1841 4641 2038 4697 papam
2064 4625 2130 4680 de
2155 4638 2325 4694 regno
2345 4621 2687 4678 Francorum
2718 4627 2774 4675 et
2803 4616 3012 4692 ignavis
3051 4616 3172 4686 ejus
3208 4611 3430 4681 regibus

1839 4719 2136 4774 consuluit.

1913 4811 2036 4867 752.
2073 4809 2414 4866 Auetoritatc
2468 4806 2750 4865 Zachariae
2791 4819 2968 4876 papxc,
3003 4811 3060 4859 et
3092 4815 3230 4895 non“.
3256 4793 3436 4895 multo

1839 4913 1964 4974 post
1988 4902 2250 4976 Stephani
2283 4903 2402 4967 941,
2433 4902 2529 4970 qui
2551 4899 2729 4958 eidem
2763 4898 2822 4952 in
2845 4895 3166 4966 pontiﬁcatu
3200 4890 3234 4944 6
3275 4890 3437 4966 annis

1843 4997 2128 5064 successit,
2161 4994 2413 5064 deposito
2436 5008 2501 5047 ac
2525 4994 2759 5049 detonso
2796 5004 2924 5057 rege
2951 4984 3246 5048 Hilderico,
3285 4977 3440 5048 Pipi-

1844 5105 1950 5146 nus
1977 5107 2069 5145 rex
2100 5089 2441 5144 Francorum
2463 5087 2696 5148 electus,
2723 5091 2780 5138 et
2815 5079 3137 5136 Suessionis
3179 5092 3210 5129 a
3250 5081 3449 5140 sancto

1846 5180 2032 5208 ’θην-28⁵.»
2047 5183 2121 5208 Αἶα.
2152 5176 2569 5208 Αιιηι-ιῖηηῖοηΛηΛ
2608 5184 2808 5208 ςιηηθιιο
2871 5172 3120 5208 νοηηηυῖε
3153 5167 3312 5208 anniﬁ
3357 5163 3448 5208 ‘7-

2152 5197 2177 5208 Α
2190 5176 2569 5208 ,ιηιιῖηηῖοηΛνιΛ
2608 5184 2808 5208 ςιηηθιιο
