3996 5474
538 375 702 472 ίέιδῗ

1463 421 1475 434 .
1533 381 1624 440 AD
1659 379 1888 440 OPERA
1923 378 1980 435 s.
2019 375 2350 436 GREGORJI
2383 353 2858 438 Appenolcssi
2931 395 2938 400 ι

3667 369 3797 428 l3“

547 505 736 577 sarius
763 499 1109 558 Coloniensis
1139 499 1586 570 archiepiscopus
1615 505 1702 552 est
1740 493 1976 550 occisus.
2017 490 2131 548 Ste-
2159 491 2206 556 Α
2229 487 2472 547 Parisios
2519 489 2678 555 obiit,
2729 501 2876 544 anno
2908 485 3086 542 aetatis
3106 483 3221 540 διο.
3261 481 3370 537 Pro
3413 497 3528 552 quo
3549 479 3650 536 ﬁlii
3689 481 3803 551 ejus

544 599 762 677 phanus
784 609 924 666 papa
958 609 1058 664 pro
1095 592 1300 649 auxilio
1326 599 1520 648 contra
1548 585 1878 643 Haistull‘um
1907 583 2128 655 Longo-

2229 581 2408 638 diviso
2445 596 2632 652 regno,
2675 578 2909 634 Karolus
2946 577 3176 648 Magnus
3201 575 3361 638 annis
3382 573 3473 639 46,
3511 581 3570 628 et
3615 571 3804 628 Karlo-

545 674 842 742 b'ardorum
882 700 1062 756 regem
1111 684 1388 756 poscendo
1433 683 1500 736 ad
1545 680 1798 750 Pipinum
1841 692 2024 746 regem
2069 676 2129 729 in
2231 688 2467 728 manuus
2493 672 2528 727 4
2551 671 2732 737 annis,
2757 677 3142 742 regnaverunt.

544 777 647 833 Fr:
657 777 836 834 nciam
877 777 1046 842 venit,
1091 785 1144 830 et
1161 776 1304 832 tilios
1323 775 1444 845 ejus
1456 771 1714 827 Karolum
1734 779 1790 826 et
1809 769 2131 825 Karloman—

545 885 678 924 num
709 866 958 924 Parisios
981 882 1136 938 reges
1169 867 1344 922 unxit.

619 959 744 1016 754.
787 959 1022 1015 Sanctus
1085 957 1400 1014 Bonifacius
1442 952 1900 1027 Mogontiacensis
1947 951 2134 1008 archi-

543 1055 837 1126 episcopus
870 1069 996 1108 cum
1029 1051 1364 1108 Fresouibus
1393 1049 1732 1120 praedicaret,
1761 1045 2134 1100 martirizatus

545 1152 632 1200 est
667 1145 738 1199 ab
765 1143 867 1210 eis,
903 1158 1048 1198 anno
1077 1130 1424 1212 episcopatus
1463 1138 1575 1204 56°,
1600 1147 1654 1193 et
1689 1137 1832 1206 apud
1864 1135 2152 1192 Fuldense-

546 1233 834 1291 cenobium
873 1234 1138 1304 sepultus.
1191 1233 1300 1288 Pro
1319 1248 1436 1304 quo
1467 1231 1658 1286 Lullus
1691 1227 2136 1300 archiepiscopus

547 1326 768 1398 praefuit
796 1325 956 1382 annis
985 1326 1074 1381 52.
1121 1325 1526 1381 Karlomannus
1568 1321 1736 1377 frater
1776 1321 1974 1391 Pipiui,
2007 1335 2134 1376 cum

535 1415 616 1472 ad
643 1431 768 1472 eum
814 1429 916 1487 pro
953 1416 1318 1472 dissuadenda
1347 1413 1693 1486 expeditione
1732 1409 1918 1466 Italica
1948 1410 2136 1466 venire

545 1509 727 1577 vellet,
755 1507 1022 1580 Lugduno
1055 1509 1207 1564 obiit.
1234 1505 1464 1578 Pipinus
1497 1505 1708 1562 Italiam
1731 1501 1858 1560 cum
1889 1503 2139 1560 exercitu

548 1609 770 1675 petens,
796 1599 1129 1673 ,Haistulfum
1169 1615 1356 1673 regem
1381 1600 1564 1671 Papiae
1583 1599 1876 1655 obsessum
1917 1597 2138 1653 obsides

551 1695 684 1752 dare
721 1703 777 1752 et
814 1710 904 1751 res
931 1695 1101 1750 sancti
1129 1693 1275 1749 Petri
1303 1694 1407 1751 sub
1428 1700 1774 1749 sacramento
1801 1690 2025 1749 reddere
2043 1703 2138 1745 co-

553 1788 686 1862 egit.
719 1779 1030 1858 Stephanus
1057 1802 1196 1857 papa
1230 1786 1370 1842 duce
1408 1785 1715 1851 Jeronimo,
1747 1779 1926 1854 Bipint
1947 1781 2136 1848 fratre,

554 1875 788 1934 Romam
816 1878 995 1933 rediit.

624 1970 748 2044 755.
786 1968 1089 2025 Haistulfus
1106 1976 1506 2025 sacramentum
1531 1975 1886 2024 contemnens
1906 1965 2150 2021 Romam.

549 2055 784 2129 obsidet,
837 2064 1022 2118 omnia
1059 2063 1267 2118 circum
1307 2061 1454 2116 ferro
1497 2068 1552 2116 et
1586 2061 1712 2131 igne
1754 2067 1996 2115 vastans.
2033 2056 2141 2112 Pro

551 2171 665 2224 qua
697 2169 755 2209 re
783 2169 926 2224 papa
958 2153 1168 2226 legatos
1191 2169 1288 2224 por
1309 2168 1460 2208 mare
1485 2153 1553 2207 ad
1578 2151 1833 2223 Pipiuum
1865 2165 1964 2220 pro
1984 2150 2142 2204 auxi-

551 2243 628 2298 lio
658 2244 828 2300 misit.

577 2345 588 2352 '
627 2330 752 2390 756.
789 2334 1020 2405 Pipinus
1046 2328 1143 2390 rex
1167 2336 1363 2390 iterum
1393 2333 1600 2390 Italiam
1645 2342 1857 2404 petens,
1895 2331 2140 2388 llaistul-

554 2423 672 2477 fum
701 2416 883 2494 Papiae
904 2425 1138 2492 obsidet,
1161 2435 1217 2480 et
1236 2425 1550 2480 Ravennam
1577 2425 1822 2493 aliasque
1841 2425 2004 2480 urbes
2025 2439 2144 2493 per—

557 2529 722 2570 vasas
743 2530 870 2570 eum
901 2524 1092 2571 sancto
1116 2515 1280 2572 Petro
1309 2524 1364 2571 et
1383 2516 1588 2571 domno
1609 2531 1763 2586 papae
1785 2531 1888 2586 per
1903 2517 2140 2587 legatum

555 2605 782 2660 reddere
807 2606 1090 2674 compulit.
1153 2645 1156 2648 .

576 2723 582 2727 ~
630 2694 754 2750 757.
793 2693 1192 2750 Constantinus
1233 2695 1533 2765 imperator
1575 2697 1720 2751 inter
1767 2696 1874 2751 alia
1913 2709 2142 2749 munera

554 2783 756 2857 Pipino
777 2786 892 2857 regi
912 2787 1076 2841 etiam
1099 2801 1366 2856 organum
1398 2786 1568 2842 misit.

629 2876 755 2934 758.
796 2876 985 2933 Romae
1016 2876 1291 2948 Stephano
1310 2892 1464 2948 papae
1487 2877 1828 2934 Paulusilﬁ'"
1857 2877 2140 2945 successit,
2211 2903 2215 2906 -

558 2969 720 3024 annis
746 2967 833 3024 10.
901 3002 905 3006 -

633 2986 720 3026 ms
746 2986 833 3024 w.
901 3002 905 3006 -

630 3060 754 3116 759.
791 3058 1094 3116 Waifarius
1113 3059 1460 3132 tyrannidem
1483 3062 1540 3116 in
1562 3061 1859 3132 Aquitania
1875 3061 2140 3118 exercuit.

2305 764 2428 820 769.
2468 763 2683 834 Corpus
2733 764 2908 820 sancti
2929 761 3177 825 Otiimari
3215 759 3432 818 abbatis
3474 766 3604 829 post
3627 757 3806 814 decem

2233 872 2432 922 annos,
2460 857 2515 910 in
2548 856 2728 914 insula
2763 871 2872 925 qua
2899 853 3054 920 obiit,
3096 853 3476 922 incorruptum
3507 850 3808 916 inventum,

2233 949 2302 1003 ad
2334 948 2730 1004 monasterium
2753 939 2928 1004 sancti
2957 945 3098 1004 Galli
3119 945 3447 1020 translatum
3477 951 3585 1000 est.

2307 1039 2428 1094 770.
2470 1038 2705 1094 Karolus
2739 1038 2904 1092 tiliam
2935 1035 3201 1094 Desiderii
3241 1035 3387 1106 regis
3423 1033 3813 1104 Longobardo-

2235 1147 2358 1187 rum
2381 1145 2608 1186 uxorem
2630 1131 2806 1195 duxit,
2836 1138 2920 1186 set.
2946 1137 3134 1200 postea
3167 1125 3498 1200 repudiavit.

2309 1221 2429 1276 771.
2469 1219 2874 1276 Karlomannus
2893 1219 3125 1286 obiit,‘et
3169 1217 3356 1276 Remis
3377 1215 3664 1286 sepelitur.
3715 1211 3816 1268 lia-

2235 1313 2389 1368 rolus
2417 1327 2672 1382 magnam
2705 1310 2973 1382 synodum
3005 1308 3232 1380 colligit.

2309 1404 2432 1459 772.
2472 1403 2706 1459 Karolus
2737 1401 2981 1458 Saxones
3013 1402 3176 1473 petit;
3219 1399 3363 1456 unde
3387 1397 3638 1476 acceptis
3671 1396 3828 1472 dii--

2235 1497 2397 1554 dibus
2449 1495 2628 1573 rediit.
2674 1493 2862 1550 Romae
2905 1502 3032 1564 post
3071 1491 3414 1562 Stephanum
3458 1485 3741 1544 Adrianus
3775 1484 3814 1550 ι,

2237 1603 2378 1660 papa
2405 1586 2558 1653 97‘",
2585 1585 2726 1642 sedit
2745 1585 2906 1640 annis
2933 1583 3028 1640 24.

2313 1679 2435 1734 775.
2472 1677 2708 1732 Karolus
2734 1677 2804 1731 ab
2826 1675 3066 1730 Adriano
3093 1687 3234 1744 papa
3265 1685 3366 1742 pro
3399 1668 3724 1726 defensione
3740 1681 3822 1722 sev

2238 1787 2362 1828 rum
2391 1769 2570 1830 sancti
2588 1769 2739 1827 Petri
2765 1775 3010 1839 rogatus,
3037 1764 3248 1822 Italiam
3269 1763 3448 1834 petiit,
3469 1769 3529 1818 et
3549 1757 3820 1815 Desiderio

2171 1831 2222 1888 Β
2241 1878 2366 1935 iege
2389 1862 2618 1919 obsesso
2648 1831 2858 1931 Papiae:
2878 1831 3003 1929 ipse.
3024 1856 3256 1912 Romam
3271 1831 3484 1910 orandi
3505 1851 3689 1924 gratia
3724 1848 3818 1906 ad-

2241 1955 2380 2020 iens,
2410 1953 2616 2024 pascha
2636 1953 2704 1984 ’°'
2741 1951 2817 2008 ibi
2845 1948 3162 2008 celebravit.

2315 2045 2437 2102 774.
2473 2042 2821 2115 Longobardi
2854 2057 2978 2096 cum
3007 2037 3284 2094 Desiderio
3317 2049 3446 2105 rege
3484 2047 3680 2089 eor-uni
3721 2029 3821 2086 lia-

2242 2138 2362 2194 rolo
2395 2152 2454 2194 se
2482 2135 2724 2201 tradunt,
2755 2145 2902 2189 anno
2919 2131 3071 2198 205°,
3089 2143 3168 2186 ex'
3181 2143 3295 2199 quo
3319 2126 3534 2184 Italiam
3557 2139 3686 2184 eum
3703 2137 3824 2192 rege

2242 2229 2474 2286 Alboino
2507 2228 2862 2300 intraverant.
2910 2223 3154 2292 Corpora
3203 2230 3526 2276 sanctorum
3565 2214 3828 2272 Gordiani

2243 2331 2299 2377 et
2353 2319 2637 2391 Epimachi
2693 2317 2760 2373 de
2816 2315 2988 2370 Roma
3031 2314 3088 2368 in
3134 2309 3516 2366 Alemanniam
3564 2305 3828 2368 translata

2245 2422 2394 2470 sunt.

2317 2505 2440 2560 775.
2477 2501 2712 2558 Karolus
2755 2497 3053 2557 Saxoniam
3091 2496 3291 2554 iterum
3336 2491 3690 2554 rebellantem
3727 2502 3825 2540 va-

2245 2604 2374 2652 stat.
3135 2637 3142 2644 .
3561 2635 3568 2640 .

2319 2684 2440 2739 776.
2478 2681 2711 2737 Karolns
2753 2679 3166 2751 Roudgaudum,
3211 2690 3444 2746 regnum
3495 2671 3666 2728 Italiae
3697 2669 3824 2723 aite—

2251 2786 2516 2843 ctantem,
2541 2774 2763 2831 occidit.

2320 2869 2442 2924 777.
2484 2867 2734 2922 Saxones
2762 2863 2980 2919 tandem
3011 2861 3182 2918 multa
3209 2858 3342 2917 cede
3364 2853 3682 2928 pcrdomiti,
3717 2850 3824 2906 Ka-

2246 2963 2367 3017 rolo
2399 2960 2706 3014 subduntur
2725 2963 2782 3012 et
2801 2953 3087 3012 christiani
3107 2951 3438 3026 etiicipntur.

2321 3050 2443 3104 778.
2482 3047 2716 3108 Knrolus
2739 3043 3032 3115 Hispanias
3053 3042 3228 3113 petiit,
3261 3039 3464 3111 quibus
3487 3035 3728 3093 subactis
3743 3050 3826 3089 re-

559 3147 797 3206 Sanctus
843 3149 1140 3206 Othmarus
1185 3150 1356 3207 abbas
1391 3167 1423 3206 a
1472 3151 1702 3207 Warino
1729 3161 1785 3208 et
1813 3151 2214 3232 Boudhardoc
2247 3143 2366 3232 dii-7
2393 3140 2639 3232 Satine?
2661 3139 2861 3232 ίῑθτυιιι
2895 3135 3179 3232 1731:6118“-

555 3248 830 3297 oolisensu
856 3239 1068 3298 Sidonii
1091 3241 1334 3313 episcopi
1356 3242 1544 3313 inique
1567 3243 1880 3310 damnatus,
1904 3253 1959 3299 et
1977 3245 2034 3300 in
2055 3244 2142 3298 in-
2193 3257 2199 3263 ·

555 3331 733 3386 solam
765 3332 940 3389 Rheni
971 3332 1122 3389 Stein
1153 3334 1442 3403 relegatus,
1457 3335 1711 3396 migravit
1733 3336 1802 3391 ad
1827 3335 2139 3392 Dominum.

555 3421 728 3494 Cujus
757 3425 1030 3480 abbatiam
1075 3441 1202 3482 cum
1253 3425 1515 3481 Sidonius
1555 3426 1846 3496 episcopus
1876 3435 1932 3482 et
1975 3427 2144 3484 abbas

559 3516 846 3571 temerarie
886 3517 1198 3583 invasisset,
1227 3526 1355 3572 ante
1379 3517 1549 3573 altare
1574 3518 1752 3580 sancti
1779 3516 1916 3574 Galli
1939 3519 2146 3588 proﬂu-

555 3606 649 3660 vio
683 3607 892 3662 ventris
919 3606 1076 3662 obiit.
1114 3606 1220 3661 Pro
1257 3622 1368 3676 quo
1391 3605 1670 3663 Jobannes
1701 3607 1992 3678 Augicnsis
2021 3622 2160 3668 mo~.

558 3697 772 3752 nachus
788 3697 1161 3768 episcopatum
1175 3704 1230 3752 et
1245 3706 1534 3768 utramque
1552 3697 1829 3754 abbatiam
1851 3699 2142 3769 accipiens,

557 3786 778 3858 praifuit
805 3787 966 3842 anuis
991 3787 1081 3842 21.
1121 3785 1227 3853 Qui
1259 3786 1496 3858 primum
1525 3785 1784 3845 Romanae
1807 3787 1954 3846 sedis
1977 3788 2148 3859 privi-

556 3875 764 3952 legium
788 3877 978 3950 Augiae
1002 3879 1074 3934 ab
1091 3878 1336 3934 Adriano
1363 3893 1504 3949 papa
1529 3875 1864 3948 impetrarit.

575 3994 593 4003 ~
611 3983 614 3986 ’
633 3963 760 4026 700.
791 3969 1020 4042 Pipinus
1042 3969 1396 4042 Aquitaniam
1424 3984 1522 4026 seu
1542 3968 1888 4028 Wasconiam
1917 3969 2145 4039 invadit,

555 4069 616 4117 et
639 4059 962 4118 Wait‘arium
991 4063 1192 4134 injuste
1221 4069 1486 4134 usurpata
1517 4061 1623 4118 sub
1645 4073 1990 4124 sacramento
2015 4063 2146 4118 red-

563 4152 695 4208 dere
725 4153 924 4226 coegit.
1183 4201 1190 4206 .
1245 4205 1249 4208 .

633 4244 756 4300 761.
796 4244 1098 4300 Waifarius
1119 4245 1318 4302 iterum
1349 4244 1691 4317 tyrannidem
1723 4245 1985 4302 exercuit.

571 4374 578 4385 .
633 4335 759 4392 762.
781 4335 1008 4408 Pipinns
1035 4352 1128 4392 rex
1161 4352 1288 4392 cum
1315 4335 1516 4392 Karolo
1539 4336 1650 4392 [ilio
1673 4351 1774 4392 suo
1797 4337 2145 4407 Aquitaniam

560 4435 771 4496 petens,
795 4427 996 4482 multas
1029 4427 1194 4482 urbes
1217 4426 1291 4481 ibi
1313 4426 1474 4496 cepit.

2319 3231 2442 3290 779.
2481 3231 2715 3286 Karolus
2740 3230 2935 3284 iterum
2965 3225 3210 3282 Saxones
3237 3219 3538 3292 superavit.

2319 3322 2444 3380 780.
2485 3323 2720 3378 Karolus
2741 3318 3026 3390 dispositis
3058 3317 3223 3374 rebus
3269 3314 3558 3372 Saxonum
3587 3323 3645 3370 et
3686 3310 3827 3368 Scia-

2245 3432 2464 3482 vorum,
2491 3415 2608 3485 ipse
2643 3412 2870 3468 Romam
2893 3409 3067 3483 gratia
3093 3407 3287 3470 orandi
3309 3405 3467 3462 adiit.

2319 3508 2439 3564 781.
2476 3505 2703 3578 Pipinus
2727 3502 2874 3559 illius
2898 3500 3084 3558 Karoli
3105 3498 3295 3554 Romae
3316 3498 3388 3554 ab
3421 3496 3675 3553 Adriano
3695 3509 3828 3566 papa

2245 3601 2572 3671 baptizatur,
2599 3598 2670 3630 ³⁸⁸
2695 3605 2744 3651 et
2774 3597 2840 3650 ab
2861 3593 3040 3654 eodem
3063 3609 3096 3648 α
3117 3591 3378 3660 baptismo
3407 3589 3732 3658 suscipitur,
3777 3595 3832 3642 et

2245 3707 2370 3748 cum
2399 3690 2569 3749 fratre
2598 3686 2894 3746 Ludowico
2929 3701 3026 3744 rex
3059 3681 3300 3756 ungitur.
3343 3679 3693 3736 Constantia
3721 3679 3832 3749 epi-

2247 3799 2448 3854 scopus
2471 3791 2527 3838 et
2545 3781 2716 3838 abbas
2735 3779 3018 3836 Johannes
3055 3775 3210 3841 obiit,
3245 3787 3347 3845 pro
3371 3787 3490 3843 quo
3517 3771 3702 3842 E‘gino
3719 3770 3832 3842 epi—

2247 3875 2628 3952 scopusannis
2655 3873 2744 3940 ΒΞ,
2769 3880 2827 3928 et
2843 3871 3041 3929 Petrus
3068 3867 3260 3938 Augiz
3295 3865 3472 3926 abbas
3499 3864 3671 3920 annis
3687 3863 3726 3918 5
3781 3866 3836 3916 et

2247 3971 2393 4040 apud
2427 3969 2690 4026 Sanctum
2725 3965 2942 4022 Gallum
2985 3961 3336 4032 Roudpertus
3367 3958 3549 4018 abbas
3595 3971 3746 4018 am
3781 3953 3830 4021 ι,

2245 4062 2600 4136 praefuerunt.
2627 4059 2745 4116 Hoc
2765 4065 3010 4128 tempore
3029 4068 3228 4114 cruces
3251 4056 3639 4122 animorum
3655 4045 3835 4105 uiis

2248 4159 2306 4216 in
2332 4156 2596 4214 vestibus.
2627 4149 2865 4222 Sanguis
2891 4165 2925 4206 e
2954 4156 3100 4205 terra
3127 4154 3186 4204 et
3203 4157 3330 4201 nete
3363 4140 3604 4200 ﬁnxisse
3619 4139 3832 4198 dicitur.

2249 4249 2320 4289 ’θ’
2345 4246 2632 4302 Sciendum
2656 4241 3054 4314 Karolomagno
3105 4237 3406 4292 Adrianus
3428 4248 3636 4304 populi
3664 4229 3832 4286 Bona

2249 4339 2442 4394 librum
2499 4335 2706 4390 dedisse
2762 4332 3115 4387 continentem
3162 4341 3390 4382 canones
3441 4322 3838 4394 apostolatus,

2251 4428 2372 4491 (uim
2430 4425 2671 4481 conciliis
2725 4421 2949 4488 Niceno,
3014 4419 3327 4498 dncyrano,
3379 4410 3832 4476 Neocresaricnsi,

573 4536 582 4562 r
634 4517 757 4573 764.
793 4518 1021 4590 Pipinus
1069 4533 1328 4590 magnum
1371 4527 1699 4575 conventum
1739 4517 2004 4574 Carisiaci
2051 4519 2148 4572 ha—
2179 4523 2224 4578 Ι)
2250 4519 2564 4590 Gangrensi,
2588 4513 2934 4580 Antioclreuo,
2971 4509 3310 4573 Laodicensi,
3341 4502 3833 4574 Constantinode

563 4609 704 4679 buit,

633 4701 755 4758 765.
797 4701 1164 4776 Roudgangus
1187 4703 1448 4759 Metensis
1469 4703 1540 4735 ⁸⁰⁶
1562 4702 2005 4772 archiepiscopus
2021 4717 2146 4756 cor-

559 4808 694 4862 pora
720 4805 1032 4850 sanctorum
1057 4794 1338 4867 Gargonii,
1354 4793 1588 4852 Naboris
1607 4802 1662 4850 et
1677 4791 1893 4849 Nazarii
1917 4809 1947 4847 a
1973 4791 2142 4848 Paulo

561 4899 704 4966 papa
731 4885 1060 4956 impetravit.

635 4975 770 5028 766..
795 4976 1009 5028 Cornus
1031 4978 1205 5028 sancti
1249 4977 1509 5028 Gormnii
1547 4978 1602 5028 in
1649 4976 1847 5028 Gorzia
1889 4975 2148 5028 cenobio.

2251 4621 2397 4676 tono,
2413 4605 2814 4669 Calcedonensi,
2834 4600 3162 4666 Sardiceusi,
3177 4608 3228 4652 et
3249 4595 3525 4670 quoddam
3535 4601 3834 4664 excerpts.

2249 4721 2314 4759 ea:
2345 4701 2636 4772 Africanis
2665 4696 2906 4752 conciliis
2933 4694 3316 4756 continentem,
3343 4703 3466 4742 cum
3491 4687 3722 4744 decretis
3743 4682 3834 4736 Rc-

2250 4808 2529 4848 manorum
2573 4789 2907 4860 pontificum;
2950 4783 3136 4840 Siricii
3176 4780 3302 4846 lOi,
3362 4776 3676 4832 Innocentii
3717 4773 3836 4838 Ri,

2248 4883 2450 4944 Zosimi
2472 4883 2594 4948 αἱδί,
2615 4878 2888 4948 Bonifacii
2917 4877 3038 4931 Mi.
3069 4871 3324 4930 Calatini
3341 4869 3468 4936 45i,
3503 4866 3702 4920 Leonis
3721 4863 3831 4928 ιἸί,

2248 4975 2433 5028 Hilari
2458 4959 2581 5028 tsi.
2621 4967 2886 5028 Simplicii
2915 4967 3040 5028 tua.
3075 4961 3276 5018 Felicis
3313 4960 3439 5024 sui,
3487 4953 3834 5026 Cclasiibli,
