3996 5474
148 230 294 293 1541ἶὶ

1031 230 1321 287 ΑΡΡΕΝΙ).
1364 229 1450 287 lll.
1490 259 1559 272 -
1594 224 2028 307 MONUMENTA
2066 229 2530 290 GREGORIANA.

3276 241 3412 297 1546

146 347 383 404 νείκεα,
430 344 573 401 Nam
610 344 852 416 pradicti
887 345 992 399 duo
1024 343 1147 398 libri
1189 362 1281 416 per
1319 344 1580 398 circulum
1606 345 1734 397 anni
1763 346 1810 401 Α
1834 360 1934 399 nas
1965 351 2318 400 temeratores
2346 345 2547 401 Leonis
2576 362 2728 418 papae
2759 346 2977 418 capitali
3004 350 3411 409 sententiased-

147 434 378 509 siugulis
394 436 768 506 festivitatibus
789 451 917 506 pene
935 436 1043 489 sive
1054 435 1278 505 jejuuiis
1302 436 1373 488 ad
1393 433 1729 488 nocturnales

148 529 397 584 lectiones
440 530 668 598 sufﬁcere
713 536 929 597 possunt
958 543 1077 580 cum
1119 526 1454 582 bibliotheca.
1500 526 1731 597 Perfecti

146 630 276 675 sunt
304 628 480 674 autem
509 618 596 673 illi
623 620 727 672 duo
752 618 877 673 libri
900 635 1038 673 anno
1061 620 1275 673 Domini
1298 619 1422 674 808.
1526 652 1533 659 ~

216 712 347 767 782.
385 711 619 766 Karolus
631 710 913 765 Saxonum
935 710 1077 765 4500
1092 712 1556 782 deeollarcjussit.
1577 711 1733 782 Apud

151 801 416 858 Sanctum
449 802 664 857 Gallum
699 801 895 857 Waldo
917 803 1086 857 abbas
1113 802 1331 871 praeluit
1357 818 1505 857 anno
1537 804 1587 856 1.

223 894 347 948 783.
380 892 644 963 Hiltigard
674 892 860 962 regina
880 894 1022 946 uxor
1052 892 1254 959 Karoli,
1279 894 1314 947 2
1356 892 1475 948 Kal.
1501 893 1650 961 buli,
1681 902 1735 950 et

147 981 371 1049 Berhta,
399 991 583 1036 mater
598 982 739 1051 ejus,
765 982 799 1035 4
824 981 951 1037 ldus
978 981 1105 1037 Julii
1133 984 1408 1038 obierunt.

218 1073 342 1128 784.
377 1072 575 1131 Junior
602 1072 835 1128 Karolus
865 1089 897 1127 a
924 1081 1078 1143 patre
1101 1074 1155 1127 in
1185 1073 1482 1129 Saxoniam
1508 1074 1731 1142 missus,

148 1160 446 1221 Westfalos
467 1165 609 1221 bello
630 1164 863 1219 domuit.
884 1155 909 1180 ⁸
1358 1178 1379 1188 '

218 1256 343 1311 785.
382 1256 661 1311 Widiltind
688 1254 833 1310 Saxo
858 1255 926 1310 ad
944 1254 1275 1311 deditionem
1292 1256 1494 1312 Karolo
1511 1260 1735 1315 veniens

149 1345 458 1417 baptizatus
479 1354 582 1401 est.

218 1436 342 1491 786.
380 1435 614 1493 Karolus
647 1436 846 1491 iterum
898 1436 1131 1491 Romam
1173 1436 1271 1491 ivit
1306 1437 1499 1494 orandi
1535 1438 1731 1508 gratia.

140 1526 342 1599 Augia':
372 1536 497 1598 past
518 1526 742 1583 Petrum
776 1526 993 1590 Waldo.
1029 1529 1201 1585 abbas
1229 1537 1478 1597 octavus,
1520 1528 1738 1601 praefuit

149 1620 314 1676 annis
340 1618 432 1674 20.

1831 436 2001 503 dixit;
2040 445 2122 491 set
2151 437 2407 507 precibus
2439 438 2681 507 ejusdem
2710 454 2861 510 papa:
2907 440 3019 496 vita
3048 458 3327 513 concessa,
3359 447 3412 501 in

1824 528 2053 583 ‘exilium
2076 543 2173 585 eos
2197 529 2473 600 relegavit.
2501 528 2684 586 Terrae
2706 539 2889 586 motus
2910 531 3087 589 tactus
3110 543 3193 589 est
3212 536 3265 590 2.
3292 536 3410 592 lial.

1833 617 1979 674 Maii.

1904 709 2029 764 802.
2072 709 2253 765 Aaron
2284 726 2377 766 rex
2404 709 2697 766 Persarum
2736 713 2879 768 inter
2903 714 3009 770 alia
3051 732 3277 772 munera
3305 718 3418 791 eleg-

1832 801 2090 872 pbantem
2120 801 2321 856 Karolo
2348 802 2668 872 imperatori
2696 805 2865 860 misit.

1905 890 2029 946 805.
2074 891 2309 963 Sanguis
2354 892 2572 948 Domini
2601 893 2836 951 Mantum
2887 896 3164 965 inventus,
3214 899 3417 955 Karolo

1835 980 2147 1051 imperatori
2194 983 2502 1038 nunciatur.
2554 982 2723 1054 cujus
2748 987 2828 1040 rei
2876 987 3162 1044 veritatem
3197 991 3423 1062 perqui-

1833 1074 2059 1127 rendam
2109 1073 2276 1128 Leoni
2325 1090 2479 1144 papae
2534 1074 2851 1146 imperator:
2883 1081 3248 1136 demandavit.
3300 1081 3420 1149 Qua

1836 1165 2125 1220 occasione
2141 1174 2358 1234 arrepto
2372 1166 2584 1231 itinere,
2600 1184 2735 1237 papa
2765 1170 2833 1224 ad
2848 1170 3231 1241 imperatorem
3244 1174 3417 1241 venit,

1830 1264 1890 1310 et
1907 1272 2033 1311 cum
2057 1272 2124 1311 co
2149 1258 2383 1313 natalem
2414 1258 2628 1313 Domini
2657 1260 2920 1317 Carisiaci
2943 1266 3260 1321 celebravit.

1907 1347 2031 1401 804.
2071 1347 2316 1404 Domnus
2358 1366 2495 1420 papa
2525 1352 2739 1422 magnis
2777 1356 3098 1411 muneribus
3142 1358 3212 1411 ab
3242 1358 3420 1431 impc-

1835 1446 2018 1493 ratore
2049 1440 2305 1508 donatus,
2339 1440 2568 1497 Romam
2591 1444 2770 1498 rediit.

1906 1528 2030 1583 805.
2074 1528 2307 1588 Karolus
2356 1532 2548 1603 junior
2597 1551 2628 1589 a
2662 1544 2817 1605 patre
2869 1536 3111 1605 missus,
3138 1534 3424 1596 Boemiam

1837 1620 2167 1691 subjugavit.

217 1708 341 1764 787.
381 1708 702 1776 Rouldrud,
735 1708 848 1764 tilia
869 1708 1079 1773 Karoli,
1102 1707 1471 1765 Censtantino
1498 1710 1734 1781 impera-
1764 1679 1808 1735 Β
2073 1711 2306 1770 Karolus
2344 1715 2643 1786 imperator
2674 1734 2904 1790 regnum
2939 1719 3083 1775 inter
3120 1728 3233 1776 tres
3274 1720 3423 1779 tilias

149 1800 258 1856 tori
292 1800 672 1870 desponsatur.

222 1890 347 1949 789.
390 1892 452 1924 “'
489 1891 605 1946 Hoc
625 1907 764 1947 anno
802 1891 1038 1947 Karolus
1082 1892 1153 1948 8‘5
1178 1909 1318 1963 pene
1347 1909 1608 1947 canonum
1643 1910 1735 1946 ca-

143 1984 326 2054 pitula
360 1985 524 2039 totius
551 1986 697 2055 regni
737 1984 821 2039 sui
860 1986 1120 2055 episcopis
1167 1987 1499 2052 transmisit,
1532 1994 1589 2039 ut
1617 1985 1733 2055 ejus

147 2077 358 2132 auxilio
389 2076 700 2147 corrigenda
724 2078 987 2148 corrigere
1006 2087 1236 2147 possent.

220 2168 346 2225 790.
388 2167 546 2226 Hune
586 2184 797 2224 annum
848 2168 1083 2225 Karolus
1142 2169 1463 2225 Wormatiae
1512 2170 1732 2240 quietus

148 2262 432 2333 transegit.

221 2354 346 2411 791.
390 2354 628 2412 Karolus
662 2364 865 2411 terram
894 2353 1181 2410 Hunorum
1215 2356 1481 2412 devastat.

214 2447 343 2504 .792.
389 2446 595 2504 Siuodo
621 2448 936 2519 Ratispona:
956 2448 1201 2516 collecta,
1223 2448 1432 2506 heresis
1458 2447 1731 2504 Fcliciana

137 2541 407 2597 damnata
438 2548 543 2596 est.

216 2631 342 2688 795.
388 2630 632 2688 Saxones
668 2633 796 2688 item
834 2647 987 2688 more
1020 2648 1121 2688 suo
1146 2632 1428 2689 rebellant.

217 2723 346 2779 794.
391 2721 595 2778 Sinodo
636 2740 834 2794 magna
878 2723 934 2777 in
962 2721 1365 2777 Franconofurt
1401 2722 1608 2788 habita,
1635 2724 1733 2777 ho:-

139 2814 285 2871 resis
323 2815 453 2871 item
506 2814 777 2870 Feliciana
816 2815 1074 2870 damnata
1122 2823 1226 2869 est.
1271 2813 1733 2886 Pseudosynodus

140 2905 447 2962 Grecorum
493 2922 594 2977 pro
649 2905 944 2961 adorandis
1005 2905 1335 2977 imaginibus
1394 2906 1611 2972 habita,
1663 2907 1733 2962 ab

1832 1819 1972 1860 suos
1999 1804 2205 1860 divisit.

1902 1895 2026 1951 807.
2068 1896 2252 1952 Aaron
2302 1914 2396 1953 rex
2438 1898 2730 1956 Persarum
2759 1917 2886 1957 cum
2925 1902 3049 1959 aliis
3096 1905 3422 1961 muneribus

1828 1986 2190 2041 artiﬁciosum
2222 1987 2421 2044 Karolo
2456 1990 2770 2060 imperatori
2801 1992 3345 2066 misithorologium.

1901 2078 2025 2133 808.
2052 2078 2280 2139 Eardoll'
2297 2096 2394 2136 rex
2422 2079 2967 2141 Nordanumbrorum
3000 2100 3175 2157 regno
3210 2087 3421 2157 pulses

1821 2171 1896 2225 ad
1927 2170 2186 2227 Karolum
2216 2174 2599 2243 imperatorem
2633 2183 2890 2245 questum
2918 2177 3089 2231 venit.

1900 2263 2025 2318 809.
2065 2262 2307 2331 Quasstio
2333 2266 2400 2320 de
2424 2267 2778 2335 processione
2813 2266 2987 2323 sancti
3019 2266 3261 2325 Spiritus
3292 2284 3426 2340 syn-

1827 2356 1947 2411 odo
1976 2357 2160 2411 habita
2189 2358 2503 2413 ventilatur.

1899 2448 2023 2502 810.
2067 2448 2295 2518 Hispani
2321 2456 2377 2504 et
2400 2448 2556 2505 Greci
2588 2466 2687 2520 per
2714 2451 2924 2523 legatos
2951 2467 3077 2507 cum
3108 2451 3201 2506 illo
3230 2462 3424 2523 pacem

1828 2540 2068 2598 ﬁrmant.
2102 2541 2355 2611 Pipinum
2385 2543 2562 2598 tilium
2591 2559 2784 2612 suum,
2835 2559 3018 2615 regem
3048 2544 3237 2611 Italiae,
3269 2560 3425 2601 mor-

1833 2641 1989 2688 tuum
2017 2648 2141 2688 esse
2170 2633 2383 2688 didicit.
3396 2621 3402 2627 ’

1901 2724 2024 2778 811.
2067 2722 2225 2779 Heito
2264 2726 2433 2779 abbas
2476 2725 2666 2796 Augize
2717 2735 2772 2780 et
2819 2726 3113 2796 episcopus
3156 2725 3423 2795 Basileze',

1832 2816 2036 2872 missus
2062 2815 2614 2887 ConstantinOpolim,
2659 2819 3039 2887 odoporieum,
3071 2820 3126 2872 id
3165 2826 3242 2873 est
3268 2820 3425 2875 itine-

1833 2909 2038 2963 rarium
2064 2909 2132 2941 ²¹¹
2165 2926 2327 2964 suum
2365 2910 2604 2979 scripsit.

139 2997 418 3068 episcopis
457 2966 712 3052 damnata
756 3006 860 3053 est.
909 2996 1007 3053 His
1042 2966 1379 3066 temporibus
1432 2998 1728 3065 Alcwiaus,
1760 3027 1801 3083 ρ
1904 3000 2028 3054 812.
2069 3000 2336 3055 Michahel
2367 2966 2667 3071 imperator
2699 3002 2894 3073 legatis
2926 3001 3109 3057 Karoli
3152 3003 3422 3070 remissis,

137 3088 317 3160 quiet
346 3090 596 3156 Albinus,
633 3090 779 3161 apud
820 3105 1004 3161 regem
1024 3098 1354 3161 ceterosque
1384 3089 1499 3144 vita
1542 3097 1597 3144 et
1633 3091 1732 3146 do-

137 3183 322 3239 ctrina
344 3183 527 3239 clarns
562 3182 811 3237 habetur.

217 3275 343 3331 795.
389 3273 533 3330 Huni
563 3275 747 3331 missis
772 3274 963 3344 legatis
989 3289 1047 3331 se
1071 3290 1197 3330 cum
1222 3284 1369 3329 terra
1405 3289 1503 3329 sua
1528 3273 1730 3329 Karolo

140 3369 387 3433 tradunt,
411 3377 465 3423 et
490 3367 941 3423 christianitatem
965 3368 1309 3436 promittunt.

214 3459 340 3516 796.
383 3459 571 3522 Roma:
593 3457 851 3515 defuncto
878 3458 1121 3513 Adriano
1140 3474 1300 3529 papa.
1333 3457 1445 3513 Leo
1475 3456 1562 3524 lii,
1589 3472 1730 3534 papa

137 3550 297 3619 98“,
325 3551 465 3607 sedit
482 3550 643 3606 annis
663 3549 753 3605 20.

214 3641 342 3697 797.
380 3640 858 3713 Constantinopoli
903 3640 1301 3698 Constantinus
1352 3642 1650 3713 imperator
1695 3657 1728 3698 a

138 3733 337 3790 Grecis
372 3741 649 3789 execatur.

210 3825 340 3881 798.
377 3823 581 3880 Helena
626 3834 801 3882 mater
845 3824 1193 3882 Constantini
1234 3827 1583 3897 imperatoris
1612 3828 1727 3883 ccci

135 3918 352 3989 legatos
376 3916 578 3973 Karolo
599 3932 700 3988 pro
734 3933 868 3988 pace
892 3918 1063 3973 misit.

168 4006 338 4064 Δ799.
380 4007 493 4064 Leo
542 4020 682 4080 papa
713 4018 774 4066 ut
800 4008 946 4064 fama
973 4014 1060 4065 εει
1102 4008 1163 4064 in
1199 4008 1401 4064 letania
1443 4008 1652 4079 majore
1694 4024 1726 4064 a

136 4098 409 4157 Romanis
436 4102 623 4174 lingua
649 4102 877 4172 praecisa
898 4112 1215 4168 exeecatur,
1243 4110 1298 4156 et
1336 4116 1435 4171 per
1457 4101 1725 4171 quosdam

136 4182 424 4258 liberatus,
465 4194 520 4248 in
555 4193 851 4251 Saxoniam
899 4194 966 4249 ad
1009 4181 1269 4248 Karol'um
1295 4202 1380 4248 est
1406 4194 1721 4263 perductus.

134 4285 409 4343 Geroldus
428 4284 717 4357 prafectus
742 4285 1026 4357 Bajoarize,
1054 4284 1282 4357 signifer
1302 4292 1357 4340 et
1376 4285 1726 4341 consiliarius

1834 3106 1966 3147 suos
1995 3092 2158 3145 etiam
2194 3108 2382 3162 pacem
2433 3091 2817 3147 conﬁrmatum
2848 3093 3021 3147 misit.
3056 3094 3425 3149 Beneventani

1830 3184 1905 3238 25
1947 3183 2098 3238 milia
2135 3184 2437 3240 solidorum
2483 3184 2603 3239 auri
2646 3185 2908 3239 tributum
2960 3184 3162 3240 Kal-clo
3206 3185 3424 3257 persol-

1835 3283 1986 3330 vunt.

1900 3368 2022 3422 815.
2065 3366 2300 3423 Karolus
2336 3368 2634 3438 imperator
2684 3366 3061 3424 Amalharium
3121 3364 3422 3423 Treveros-

1830 3474 1946 3515 sem
1977 3460 2468 3530 archiepiscopum,
2498 3468 2552 3514 et
2576 3460 2796 3516 Petrum
2832 3460 3280 3515 Nonantulanum
3322 3458 3418 3513 ab-

1830 3552 2010 3607 batem
2032 3551 2562 3622 Constantinopolim
2588 3553 2756 3618 misit,
2787 3568 3023 3623 quorum
3039 3552 3423 3622 oiloporicum,

1829 3644 1886 3698 id
1911 3644 2145 3699 estliber
2165 3645 2475 3699 itinerarius
2497 3644 2567 3679 ¹¹³
2585 3645 2711 3699 item
2738 3645 3000 3714 scriptum
3024 3644 3272 3699 habetur.
3300 3641 3423 3712 Ipse

1829 3736 2185 3792 Ludowicum
2233 3738 2405 3791 tilium
2442 3747 2761 3792 consortem
2811 3736 2964 3809 regni
3012 3735 3159 3791 fecit.
3208 3734 3425 3789 Mer-tuo

1828 3827 2023 3899 Pipino
2059 3830 2172 3883 lilio
2205 3828 2325 3898 ejus
2351 3844 2477 3900 rege
2513 3827 2699 3894 Italiae,
2727 3827 2899 3881 tilium
2928 3827 3101 3897 ipsius
3127 3826 3423 3891 Berinhar-

1825 3921 1979 3985 dum,
2010 3928 2262 3990 nepotem
2294 3934 2476 3983 suum,
2508 3930 2689 3989 regem
2718 3916 2845 3973 fecit
2872 3915 3058 3971 Italiae.
3092 3916 3271 3982 Quina
3298 3930 3428 3986 per-

1827 4026 2027 4085 magna
2056 4011 2286 4067 concilia
2306 4006 2667 4079 Mogoneiaci,
2699 4008 2904 4075 Remis,
2939 4006 3210 4073 Turonis,
3240 4004 3427 4062 Cavil-

1827 4104 1992 4170 lonis,
2022 4103 2227 4158 Arelati
2256 4117 2357 4173 pro
2385 4110 2530 4157 statu
2559 4097 2900 4157 ecclesiarum
2926 4101 3044 4156 ﬁeri
3062 4098 3252 4171 jussit.

1896 4195 2023 4250 8M.
2067 4194 2301 4249 Karolus
2324 4195 2622 4265 imperator
2647 4209 2900 4264 magnus,
2950 4207 3078 4247 cum
3113 4190 3270 4261 prius
3296 4189 3423 4245 the-

1828 4301 2023 4342 sauros
2045 4303 2175 4343 suos
2206 4287 2347 4340 inter
2387 4286 2453 4340 21
2499 4286 3005 4356 archiepiscopatus
3033 4280 3186 4355 regni
3216 4280 3302 4336 sui
3332 4295 3426 4335 ce-

132 4377 347 4445 Karoli,
397 4379 523 4449 pius
564 4388 620 4435 et
659 4378 968 4450 religiosus,
1013 4387 1203 4433 contra
1234 4376 1424 4434 Hunos
1471 4393 1723 4449 pugnans
1756 4364 1800 4419 Ῑ)
1828 4388 2082 4450 terosqoe
2110 4379 2459 4449 episcopatus
2496 4388 2551 4433 et
2579 4377 2822 4433 ecclesias
2868 4375 3167 4441 divisisset,
3194 4373 3345 4429 febre
3367 4381 3427 4427 et

130 4470 419 4538 occubuit,
447 4471 771 4543 Augiatque,
800 4486 968 4540 quam
1006 4470 1194 4525 multis
1227 4479 1455 4525 auxerat
1483 4471 1644 4525 donis
1671 4480 1725 4525 et

130 4563 360 4634 praediis
382 4604 398 4631 ,
440 4563 688 4635 sepultus
729 4571 831 4618 est.
875 4561 1194 4617 Patriarcha
1247 4560 1723 4618 Jerosolimitanus

131 4654 401 4725 reliquias
424 4655 491 4710 de
512 4654 802 4726 sepulchro
835 4654 1052 4710 Domini
1077 4654 1244 4711 mittit
1266 4652 1467 4711 Karolo
1496 4654 1629 4724 regi.

206 4744 335 4800 800.
367 4744 603 4803 Karolus
623 4745 1009 4802 Jerosolimam
1032 4746 1269 4817 insignia
1288 4747 1433 4802 dona
1463 4748 1723 4803 transmi-

130 4838 229 4908 sit,
257 4845 311 4895 et
347 4838 583 4903 Romam
607 4847 817 4909 petens,
854 4840 1093 4897 Leonem
1120 4854 1337 4909 papam,
1364 4855 1425 4894 se
1450 4840 1517 4895 de
1556 4839 1725 4899 illatis

131 4940 188 4987 et
223 4948 330 4989 non
349 4932 600 5005 probatis
626 4930 951 4989 criminibus
981 4938 1327 4987 sacramento
1360 4940 1685 5003 purgantem
1704 4978 1721 5006 ,

131 5026 243 5095 sedi
272 5042 387 5084 sua:
422 5022 690 5082 restituit.

194 5119 319 5176 801.
362 5116 605 5174 Karolus
630 5115 687 5169 in
712 5114 798 5171 die
820 5115 1029 5185 natalis
1059 5113 1273 5169 Domini
1299 5129 1330 5168 a
1366 5112 1549 5170 Leone
1575 5131 1721 5191 papa

120 5198 337 5270 corona
360 5205 645 5280 imposita,
683 5207 890 5274 primus
923 5221 1114 5277 regum
1145 5205 1484 5263 Francorum
1528 5206 1722 5272 Caesar

128 5307 396 5338 Δηινηοοηο
425 5300 732 5338 Ιιηηρπιεδηιιι
795 5297 1064 5338 Rmanic
1096 5297 1284 5338 laudae
1320 5300 1682 5338 αιιρριαπιοπος

1828 4472 2066 4542 plent-esi
2113 4473 2403 4542 pulsatus,
2441 4472 2474 4527 5
2516 4471 2635 4531 Kal.
2681 4471 2843 4525 Febr.
2889 4467 3224 4539 Aquisgrani
3263 4464 3423 4533 obiit,

1826 4562 2011 4633 ibique
2059 4564 2304 4634 sepultus
2349 4570 2433 4617 est
2478 4563 2818 4630 honoriﬁce,
2875 4576 3021 4615 anno
3066 4558 3242 4615 {etatis
3290 4556 3424 4623 71°,

1826 4656 1976 4725 regni
2008 4654 2129 4722 47°,
2171 4651 2431 4725 subjecta:
2472 4654 2640 4710 ltalize
2683 4655 2804 4722 44°,
2836 4653 3055 4723 imperii
3105 4651 3223 4715 14°,
3275 4646 3424 4701 indi-

1823 4747 2005 4803 ctione
2020 4748 2223 4803 78.Pro
2239 4764 2350 4819 quo
2371 4747 2702 4804 Ludowicus
2724 4748 2871 4803 illius
2892 4745 3038 4814 ejus,
3063 4747 3429 4814 cognomento

1822 4838 1976 4907 Pius,
2002 4840 2249 4913 regnavit
2273 4839 2432 4895 annis
2470 4841 2645 4897 “‘27.
2684 4839 2790 4907 Qui
2818 4837 3004 4896 statim
3032 4831 3285 4910 generale
3314 4831 3439 4885 col-

1822 4933 2069 5002 loquium
2097 4930 2429 5005 Aquisgrani
2452 4933 2672 4999 habuit,
2694 4941 2749 4987 et
2773 4930 2947 4988 multa
2971 4937 3262 5009 perperam
3281 4929 3447 4992 gestu

1823 5040 1922 5096 per
1958 5042 2184 5097 regnum
2217 5023 2481 5082 correxit.
2677 5073 2689 5080 .
3408 5026 3419 5033 ’

1899 5118 2023 5173 815.
2061 5118 2294 5187 Quidam
2348 5131 2413 5169 ex
2460 5117 2730 5177 Romanis
2760 5112 3110 5190 primoribus
3156 5109 3215 5164 in
3250 5119 3466 5164 necem

1826 5209 2027 5266 Leonis
2053 5227 2206 5284 papcc
2234 5207 2618 5277 conjurantes,
2646 5211 2972 5279 puniuntur.
3349 5254 3373 5271 ,

1897 5302 2000 5338 Ωιίξ
2063 5304 2248 5338 lanna
2279 5316 2415 5338 nona
2460 5307 2722 5338 ληΐου-..οη
2775 5306 2829 5338 ἴση
2862 5302 2895 5338 Ω
2947 5299 3052 5338 Καὶ]
3110 5296 3251 5338 Ῐηῡῖἶ
3319 5290 3469 5338 ςιρ-
