3996 5474
513 199 653 260 1547

1496 195 1585 250 AI)
1622 193 1852 250 OPERA
1889 193 1944 249 S.
1989 191 2316 250 GREGORII
2353 190 2795 248 APPENDICES.

3655 193 3773 249 1518

511 315 712 371 wieum
739 326 923 384 regem
955 309 1010 365 in
1033 308 1320 364 Franciam
1354 308 1600 374 veniens,
1627 306 1813 362 Remis
1847 321 1972 360 eum
1999 305 2102 359 im-
2130 292 2182 364 Α
2208 304 2452 360 Valentis
2479 305 2742 360 martiris.
2779 301 3028 358 Ratolfus
3056 300 3391 359 Veronensis
3433 304 3724 375 cpiscopus
3751 327 3774 365 a

512 417 821 480 peratorem
852 402 1154 466 coronavit,
1199 401 1391 455 deinde
1424 399 1656 456 Romam
1701 399 1876 454 rediit.
1916 397 2094 467 Impe-

515 508 688 562 rator,
721 495 915 551 sinodo
944 493 1194 557 collecta,
1245 490 1416 545 multa
1453 491 1521 546 de
1566 497 1713 545 statu
1757 498 1808 543 et
1840 488 2102 559 religione

517 589 870 645 cenobiorum
891 585 1035 639 bene
1062 583 1354 651 disposuit.

589 679 712 732 817.
757 675 1032 745 Stephano
1076 689 1215 744 papa
1265 674 1298 728 9
1338 671 1562 727 Kalend.
1615 671 1773 727 Febr.
1808 669 2098 736 defuncto,

517 768 757 823 Pascalis
781 765 940 819 100M
971 764 1111 820 sedit
1141 763 1299 818 annis
1331 762 1380 816 7.
1422 761 1605 833 Legati
1643 761 1840 817 Leonis
1863 762 2101 831 impera-
2149 785 2151 787 ί

519 861 654 916 toris
685 859 751 916 de
790 856 1267 926 Constantinopoli
1309 870 1410 925 pro
1457 869 1592 925 pace
1638 855 1706 909 ad
1745 854 2102 908 Ludowicum

518 950 744 1006 veniunt
772 949 1180 1017 imperatorem.

559 1039 712 1096 .818.
756 1037 1085 1094 Ludowicus
1133 1036 1430 1106 imperator
1459 1034 1785 1090 cismarinos
1811 1032 2104 1088 Britannos

519 1132 750 1189 domuit.

460 1217 463 1220 ’
589 1225 712 1278 819.
757 1221 977 1294 Synodo
1011 1219 1342 1291 Aquisgrani
1375 1219 1591 1287 habita,
1641 1217 1814 1272 multa
1851 1215 1918 1270 de
1957 1224 2104 1270 statu

519 1317 859 1372 ecclesiarum
889 1313 1153 1382 disposita
1181 1319 1327 1365 sunt.

592 1408 716 1463 820.
759 1407 834 1460 Ex
865 1404 1219 1460 inundatione
1241 1403 1546 1474 pluviarum
1578 1400 1886 1472 pestilentia
1911 1416 2108 1471 magna

524 1501 669 1557 facta
691 1509 778 1555 est
802 1499 894 1553 ⁸³⁸.

593 1593 716 1648 821.
759 1590 1086 1645 Ludowicus
1118 1589 1414 1656 imperator
1439 1599 1667 1656 regnum
1695 1583 1836 1636 inter
1860 1581 2001 1636 ﬁlios
2022 1580 2107 1636 di-

522 1691 670 1754 visit,
697 1688 858 1748 exilia
887 1684 1166 1750 relaxavit,
1193 1682 1374 1738 debita
1400 1679 1615 1736 cunctis
1653 1677 1882 1733 dimisit.

595 1781 720 1834 8'22.
764 1778 1092 1834 Ludowicus
1133 1777 1430 1846 imperator
1459 1772 1526 1826 de
1551 1770 1784 1841 publicis
1825 1767 1942 1824 suis
1975 1782 2105 1838 pec-

525 1872 662 1929 catis
695 1872 966 1941 publicam
991 1867 1341 1939 penitentiam
1370 1865 1498 1935 egit,
1521 1872 1575 1918 et
1595 1877 1824 1932 qumque
1853 1861 1906 1914 in
1942 1873 2110 1930 regno

526 1979 629 2020 suo
658 1961 997 2033 corrigenda,
1038 1961 1292 2016 correxit.
1324 1957 1616 2014 Lotharius
1646 1957 1700 2010 in
1745 1954 1976 2021 Italiam,
2017 1953 2108 2008 Pi-

525 2060 690 2130 piuus
715 2059 878 2113 ducta
902 2071 1072 2111 uxore
1099 2055 1156 2108 in
1185 2054 1558 2124 Aquitaniam,
1599 2065 1755 2122 reges
1783 2050 1940 2104 missi
1962 2056 2108 2104 sunt.

527 2150 714 2206 Fuldis
740 2150 876 2221 Eigil
908 2149 1078 2203 abbas
1106 2147 1261 2213 obiit,
1291 2147 1379 2202 cui
1402 2144 1690 2209 Rabanus,
1720 2143 1801 2197 vir
1831 2143 2115 2210 doctusfet

530 2243 842 2298 divinorum
880 2241 1146 2296 librorum
1177 2247 1438 2294 tractator
1486 2236 1768 2308 egregius,
1825 2233 2110 2290 successit.

531 2335 719 2405 Augur
770 2333 1000 2388 IIetone'
1030 2332 1221 2386 abbate
1250 2338 1304 2384 et
1350 2343 1607 2399 episc0po
1637 2335 1904 2397 privatam
1944 2325 2111 2379 vitam

530 2426 824 2496 adoptante
852 2423 1170 2478 Erlebaldus
1194 2422 1364 2477 abbas
1389 2419 1511 2474 10“s
1543 2419 1824 2475 successit.

600 2517 724 2570 825.
753 2515 1048 2570 Lotharius
1072 2530 1166 2568 rex
1195 2512 1383 2578 Italire,
1413 2519 1639 2583 rogante
1665 2525 1803 2580 papa
1830 2508 2113 2576 Paschale,

530 2609 827 2674 imperator
853 2607 922 2660 ab
947 2621 1013 2659 eo
1041 2605 1228 2660 Romae
1253 2613 1570 2659 coronatur.
1589 2602 1720 2674 Agri
1743 2603 1900 2657 multi
1921 2608 2119 2671 prater

531 2701 755 2758 solitum
783 2679 1045 2770 grandine
1076 2706 1206 2752 sunt
1253 2696 1470 2762 vastati,
1497 2695 1642 2750 veris
1670 2694 1740 2726 ²¹⁶
1782 2694 1948 2749 etiam
1974 2693 2120 2749 inter

532 2792 708 2863 ipsam
737 2799 791 2846 et
823 2790 1036 2862 magnis
1065 2788 1336 2859 lapidibus
1362 2787 1559 2842 alicubi
1585 2786 1981 2842 decidentibus.

603 2885 728 2939 824.
770 2882 958 2938 Romae
979 2881 1275 2952 Eugenius,
1299 2880 1453 2934 101'“l
1478 2894 1639 2950 papa,
1663 2876 2117 2948 postPaschaIem

536 2976 677 3032 sedit
707 2974 865 3030 annis
893 2973 945 3028 5.
977 2972 1166 3042 Augia:
1195 2970 1470 3026 Wettinus
1497 2969 1802 3024 monachus
1827 2983 1858 3022 e
1892 2982 2119 3036 corpore

534 3067 732 3122 ductus
760 3073 828 3121 et.
860 3065 1119 3120 reductus
1167 3063 1234 3093 ’⁸⁷
1258 3103 1273 3128 ,
1310 3069 1432 3132 post
1478 3061 1718 3115 triduum
1758 3060 1910 3114 obiit.
1949 3058 2119 3128 Cujus

535 3158 775 3214 visiones
797 3155 955 3211 Heito
986 3157 1273 3227 episcopus
1299 3169 1482 3226 prosa,
1511 3163 1562 3210 et
1589 3152 1990 3208 Walachl’ridus
2026 3152 2122 3207 he.

535 3251 689 3307 roico
720 3258 895 3304 metro
926 3249 1165 3318 scripsit.

608 3341 732 3397 826.
775 3340 1060 3397 Ilerioldus
1102 3355 1198 3393 rex
1230 3337 1504 3391 Danorum
1547 3351 1670 3391 cum
1699 3349 1868 3390 uxore
1909 3341 1964 3388 et
1997 3331 2123 3388 ﬁliis

537 3442 593 3489 et
618 3450 814 3503 magna
838 3447 1065 3487 suorum
1092 3429 1439 3485 multitudine
1460 3427 1792 3498 Mogonciaci
1818 3425 2124 3496 baptizatus

539 3533 643 3579 est.
677 3513 1016 3578 Ilildowinus
1050 3523 1218 3577 abbas
1261 3521 1328 3575 de
1360 3519 1561 3574 Sancto
1594 3520 1859 3585 Dionisio,
1901 3519 1970 3572 ab
2010 3516 2125 3573 Eu-

541 3617 666 3685 geni
689 3635 699 3665 ›
726 3631 861 3685 papa
883 3630 1010 3670 ossa
1031 3613 1175 3669 beati
1201 3611 1509 3668 Sebastiani
1529 3612 1771 3667 martiris
1795 3610 2123 3681 impetravit,

541 3722 667 3778 quae
726 3705 1044 3761 Suessionis
1085 3705 1141 3760 in
1184 3703 1408 3760 basilica
1447 3703 1622 3760 sancti
1664 3703 1904 3759 Medardi
1953 3703 2124 3760 collo-

543 3797 704 3853 cavit.

616 3889 740 3944 827.
779 3889 1022 3958 Corpora
1059 3897 1377 3945 sanctorum
1421 3888 1710 3943 martirum
1744 3883 2042 3944 Marcellini
2073 3898 2129 3945 et

543 3981 692 4038 Petri
725 3981 779 4035 in
803 3980 1090 4037 Franciam
1121 3982 1384 4036 translata
1426 3988 1573 4035 sunt.
1607 3978 1721 4036 Hoc
1749 3980 1804 4034 in
1842 3996 1986 4037 anno
2015 3981 2131 4036 An-

545 4075 760 4145 segisus
810 4072 979 4128 abbas
1007 4073 1060 4126 in
1085 4077 1320 4142 quatuor
1345 4071 1540 4126 libellis
1571 4071 1786 4142 collegit
1815 4080 1925 4126 tam
1968 4087 2129 4128 secu-

543 4165 688 4222 Iares
711 4182 876 4236 quam
894 4165 1278 4221 ecclesiasticas
1299 4165 1464 4234 leges,
1490 4179 1629 4234 quas
1647 4163 1879 4220 Karolus
1901 4163 2131 4235 Magnus
2165 4171 2168 4174 ’

544 4267 601 4314 ct
627 4258 956 4314 Ludowicus
982 4265 1145 4328 atque
1178 4256 1472 4311 Lotharius
1496 4255 1853 4326 imperatores
1884 4256 2133 4326 promul-

550 4359 839 4422 gaverunt.

619 4441 744 4496 828.
787 4440 975 4495 Romae
999 4440 1068 4472 ¹¹⁸
1099 4448 1222 4510 post
1245 4439 1548 4510 Eugenium
1580 4438 1930 4506 Valentinus,
1968 4439 2128 4494 102-18

548 4547 711 4608 papa,
749 4536 890 4591 sedit
913 4535 1106 4590 diebus
1145 4534 1234 4599 40,
1278 4542 1332 4589 ct
1374 4543 1498 4604 post
1524 4536 1672 4590 hunc
1709 4533 2005 4604 Gregorius
2039 4532 2132 4601 IV,

552 4628 716 4682 105'"
742 4643 902 4698 papa,
935 4627 1076 4682 sedit
1111 4627 1271 4681 annis
1311 4626 1397 4680 16.
1423 4625 1686 4693 Reliquiae
1709 4627 1884 4682 sancti
1908 4625 2137 4682 Marcel-

551 4708 1010 4791 lini-Aquisgrani
1041 4719 1236 4786 allatae,
1272 4719 1526 4788 plurimis
1562 4719 1938 4790 gloriﬁcantur
1963 4719 2135 4774 mira-

555 4810 714 4865 culis.

625 4901 748 4956 829.
790 4900 1116 4973 Aquisgraui
1143 4911 1301 4957 terrae
1331 4911 1514 4958 motus
1560 4903 1788 4958 sabbato
1827 4911 2018 4959 sancto
2040 4918 2143 4974 pa-

559 4993 706 5046 schae
732 4991 928 5047 factus.

2203 398 2342 453 duce
2385 396 2623 452 Venetia:
2661 396 2988 466 impetravit,
3037 405 3090 450 et
3132 411 3259 451 cum
3309 411 3545 467 corpore
3585 397 3779 454 Genisii

2206 487 2450 544 martiris
2479 489 2534 543 in
2564 488 2805 558 Augiam'
2823 489 3060 542 insulam
3083 489 3283 543 attulit.

2276 581 2400 636 851.
2442 582 2741 652 Imperator
2761 596 2954 637 omnes
2973 581 3282 636 contrarios
3316 582 3423 638 sibi
3447 583 3662 638 honore
3680 586 3781 654 pri-

2201 673 2403 738 vando,
2430 674 2644 729 animos
2670 681 2782 728 tam
2812 672 3052 728 ﬁliorum
3078 687 3245 743 quam
3267 683 3583 730 ceterorum
3607 686 3782 730 contra

2209 779 2270 819 se
2297 763 2548 820 irritavit.

2276 859 2401 914 85‘2.
2439 858 2742 930 Imperator
2769 867 2961 915 contra
2995 859 3138 915 ﬁlios
3167 875 3301 916 suos
3324 860 3635 916 exercitum
3671 875 3782 917 mo-

2205 953 2314 1020 vit;
2342 966 2570 1006 uxorem
2590 952 2790 1007 timore
2812 951 3052 1006 ﬁliorum
3085 951 3378 1007 abdicavit.

2279 1041 2402 1096 855.
2445 1039 2746 1111 Imperator
2804 1040 2934 1096 item
2984 1049 3174 1096 contra
3225 1042 3370 1097 ﬁlios
3424 1042 3483 1096 in
3528 1043 3784 1099 Alsatiam

2208 1133 2377 1189 venit.
2409 1133 2487 1188 Ibi
2518 1134 2769 1189 veniente
2809 1132 3077 1206 Gregorio
3115 1150 3255 1205 papa
3281 1151 3408 1190 cum
3437 1135 3590 1201 ﬁliis,
3623 1137 3785 1206 impe-

2207 1233 2358 1281 rator
2382 1240 2414 1280 a
2439 1225 2558 1282 suis
2581 1224 2823 1290 relictus,
2854 1223 2911 1279 in
2943 1224 3178 1280 ﬁliorum
3209 1233 3538 1295 potestatem
3559 1225 3784 1282 devenit.

2279 1317 2405 1372 854.
2447 1315 2744 1387 Imperator
2764 1316 2972 1387 judicio
3011 1317 3394 1387 episcoporum
3429 1317 3609 1372 armis
3633 1318 3789 1388 depo-

2211 1409 2354 1475 sitis,
2387 1408 2455 1464 ad
2481 1409 2745 1480 agendam
2775 1409 3128 1478 penitentiam
3163 1409 3487 1465 includitur.

2283 1500 2408 1554 855.
2449 1499 2754 1570 Imperator
2802 1515 2929 1555 cum
2983 1501 3110 1556 ﬁliis
3151 1500 3345 1570 Pipino
3389 1511 3446 1556 et
3504 1499 3790 1556 Ludovico

2215 1587 2465 1660 Lugduni
2493 1605 2753 1662 magnum
2781 1591 2972 1646 habuit
3007 1600 3354 1646 conventum.

2139 1651 2183 1706 Β
2285 1651 2411 1735 857.
2453 1651 2704 1736 Ticinum
2739 1681 2794 1736 5.
2843 1680 2962 1736 Kal.
2993 1680 3239 1736 Januarii
3269 1681 3444 1738 octies
3487 1689 3655 1737 noctu
3688 1689 3792 1735 tre-

2215 1773 2421 1830 muisse
2447 1774 2667 1830 dicitur.

2287 1864 2410 1920 858.
2453 1865 2756 1936 Imperator
2799 1867 2988 1922 habito
3015 1874 3287 1922 conventu
3315 1864 3670 1938 Noviomagi,
3694 1865 3794 1921 Lu-

2215 1960 2428 2015 dowico
2464 1959 2575 2014 ﬁlio
2617 1975 2845 2031 regnum
2888 1959 3225 2014 Francorum
3269 1959 3578 2015 interdixit.
3631 1958 3794 2014 Puoto

2216 2051 2482 2107 diaconus
2508 2050 2693 2122 palatii
2725 2051 2782 2105 in
2804 2049 3146 2106 Judaismum
3174 2051 3382 2122 lapsus.

2287 2145 2413 2200 859.
2455 2143 2756 2214 Imperator
2789 2143 2900 2198 ﬁlio
2947 2157 3050 2199 suo
3087 2143 3350 2199 Lothario
3396 2145 3793 2215 repaciﬁeatur.

2220 2235 2366 2292 Ebbo
2389 2237 2458 2269 ἰ’
2487 2237 2766 2290 Remorum
2794 2235 3214 2307 archiepiscopus
3237 2237 3593 2308 degradatur.

2289 2325 2414 2382 840.
2453 2325 2757 2397 Imperator
2794 2326 2931 2382 ﬁlio
2956 2341 3058 2381 suo
3095 2327 3356 2382 Lothario
3399 2328 3470 2383 ad
3513 2328 3796 2398 imperium

2219 2419 2525 2492 designato,
2554 2420 2640 2474 12.
2667 2419 2787 2475 Kal.
2819 2418 2948 2475 Julii
2978 2420 3132 2486 obiit,
3155 2429 3209 2475 et
3229 2420 3412 2476 Mettis
3441 2421 3725 2491 sepelitur.

2290 2511 2414 2566 841.
2458 2509 2787 2567 Ludovvicus
2809 2512 3027 2582 junior,
3060 2513 3316 2568 adunatis
3345 2529 3475 2569 cum
3508 2513 3681 2569 fratre
3707 2528 3797 2568 suo

2221 2601 2422 2658 Karolo
2455 2603 2647 2673 capiis,
2680 2619 2806 2658 cum
2836 2603 3096 2660 Lothario
3119 2605 3498 2660 monarehiam
3526 2612 3799 2676 appetente

2221 2695 2288 2750 de
2311 2695 2602 2766 partitione
2642 2695 2795 2766 regni
2821 2695 3157 2752 concordare
3203 2711 3317 2751 non
3361 2706 3612 2768 possent,
3657 2698 3798 2768 juxta

2221 2785 2570 2846 Fontinatam
2588 2786 2771 2842 villam
2801 2787 2852 2841 7.
2892 2785 3011 2842 Kal.
3039 2786 3166 2842 Julii
3197 2787 3314 2844 acie
3336 2788 3666 2861 conﬂigunt.
3703 2788 3800 2843 La»-

2221 2878 2466 2935 dowicus
2505 2886 2560 2934 et
2595 2878 2829 2955 Karolus
2869 2879 3066 2936 castris
3092 2880 3250 2949 potiti
3287 2888 3440 2948 sunt,
3481 2880 3676 2951 fugato
3704 2880 3800 2935 Lo-

2222 2971 2421 3026 thario.

2298 3063 2422 3119 842.
2466 3063 2709 3120 Tandem
2737 3066 2951 3121 cunctis
2994 3080 3183 3136 pacem
3211 3064 3556 3135 optantibus,
3586 3080 3806 3136 regnum

2225 3156 2281 3210 in
2299 3156 2400 3210 tria
2420 3157 2610 3226 partiri
2625 3159 2983 3214 constituunt.
3007 3156 3194 3228 Augiae
3214 3155 3600 3213 Walahfridus
3623 3157 3813 3214 Strabo

2225 3249 2310 3302 vir
2332 3248 2547 3315 doctus,
2591 3249 2760 3305 abbas
2789 3250 2940 3317 ηιμ,
2967 3249 3204 3320 praefuit,
3233 3250 3328 3320 qui
3354 3259 3538 3306 metro
3567 3259 3626 3306 et
3655 3267 3814 3322 prosa

2227 3341 2556 3411 conscripsit
2582 3341 2772 3396 multa.

2300 3429 2425 3484 845.
2462 3429 2757 3486 Lotharius
2785 3447 2910 3487 cum
2956 3431 3303 3502 imperatoris
3346 3434 3581 3491 nomine
3612 3434 3814 3492 Italiam

2228 3521 2439 3592 accepit
2484 3531 2538 3576 et
2566 3522 2842 3594 Belgicam
2871 3522 3122 3589 Galliam,
3162 3541 3287 3595 quze
3333 3541 3488 3582 nunc
3530 3542 3713 3599 usque
3755 3528 3810 3585 at

2228 3636 2294 3675 eo
2318 3621 2388 3652 “°
2414 3635 2639 3690 regnum
2689 3619 2934 3675 Lotharii
2965 3621 3196 3689 dicitur;
3235 3620 3576 3681 Ludowicus
3604 3626 3819 3682 Germa-

2230 3710 2400 3775 niam,
2433 3708 2666 3764 Karolus
2695 3709 2898 3765 Gallias
2919 3711 3174 3765 obtinuit.
3255 3721 3257 3723 '

2279 3802 2426 3857 844.
2445 3803 2514 3834 ’³⁸
2557 3801 2823 3858 Defuncto
2845 3802 3110 3874 Gregorio
3140 3818 3302 3874 papa,
3338 3804 3574 3877 Sergius
3598 3805 3818 3863 11104⁸⁸

2233 3894 2375 3952 sedit
2402 3894 2561 3950 annis
2589 3895 2642 3949 5.

2304 3985 2430 4041 845.
2458 3986 2528 4016 ¹¹¹
2555 3983 2854 4041 Rhabanus
2878 3982 3167 4042 Fuldensis
3209 3985 3382 4043 abbas
3423 3987 3634 4044 librum
3669 4005 3823 4060 quem

2234 4077 2302 4132 de
2338 4084 2525 4132 sancta
2569 4091 2730 4130 cruce
2753 4075 2921 4129 variis
2950 4073 3143 4145 ﬁguris
3165 4084 3458 4147 metroque
3496 4079 3823 4149 composuit,

2239 4167 2430 4238 Sergio
2457 4182 2609 4238 papae
2636 4166 2966 4221 transmisit.

2309 4259 2434 4315 846.
2472 4259 2542 4290 ¹²⁸
2567 4257 2863 4314 Lotharius
2890 4258 3189 4328 imperator
3206 4259 3641 4332 Burgundiones
3663 4262 3829 4319 rebel-

2172 4364 2216 4418 1)
2239 4353 2356 4408 lare
2389 4352 2676 4407 molientes
2702 4351 2771 4406 ad
2805 4351 3135 4407 deditionem
3160 4354 3358 4424 coegit.

2311 4442 2436 4496 847.
2475 4441 2658 4513 (Gesta
2683 4449 2854 4511 pontt.
2899 4440 3078 4511 Rom.)
3106 4443 3175 4474 ""
3213 4440 3544 4502 RomaaLeo
3565 4445 3662 4514 IV,
3696 4463 3829 4518 papa

2247 4535 2432 4603 105'",
2473 4537 2614 4592 sedit
2644 4537 2805 4592 annis
2834 4536 2895 4604 9,
2926 4538 3212 4595 mensibus
3239 4540 3453 4608 tribus,
3501 4543 3604 4612 qui
3651 4541 3831 4596 Roma

2247 4634 2628 4701 munitionem,
2655 4648 2822 4704 quam
2853 4631 3151 4690 Leoninam
3172 4636 3383 4702 dicunt,
3421 4635 3582 4706 fecit,
3609 4653 3832 4709 eamque

2249 4724 2545 4796 apostolica
2565 4725 2941 4782 benedictione
2963 4726 3252 4794 dedicavit,
3280 4737 3334 4783 et
3358 4729 3466 4783 sub
3489 4731 3833 4785 anathemate

2249 4817 2303 4871 in
2331 4825 2652 4888 perpetuum
2675 4818 3036 4874 conﬁrmavit.
3064 4819 3135 4850 m
3161 4819 3490 4890 Mogontiaci
3515 4821 3832 4886 Rhabanus,

2245 4908 2533 4964 Fuldensis
2559 4911 2728 4965 abbas
2747 4910 3118 4977 doctissimus,
3143 4912 3428 4966 ordinatur
3454 4913 3832 4985 archipresuL

2245 4997 2349 5065 Qui
2376 5014 2504 5053 mox
2547 4998 3087 5071 Ludowicojubente
3114 5001 3370 5057 sinodum
3418 5017 3688 5074 magnam
3729 5003 3834 5058 Mo-

631 5081 754 5136 850.
793 5083 1003 5154 Corpus
1026 5087 1196 5142 sancti
1218 5085 1383 5142 Marci
1405 5087 1770 5158 evangelislaz,
1797 5088 1900 5142 sub
1922 5087 2144 5143 nomine
2247 5090 2483 5159 gontiaci
2509 5089 2742 5161 collegit.
2775 5088 3042 5162 Tempore
3066 5092 3138 5123 ’³⁸
3167 5091 3368 5148 Leonis
3389 5107 3548 5163 papa:
3584 5094 3769 5164 quarti
3788 5103 3835 5145 (ι

1839 5207 2070 5262 νΑῘζΙᾸ]
2106 5207 2508 5264 LECTiONES.

636 5274 708 5352 ’Ἰ
740 5273 861 5326 hinc
895 5274 1061 5326 aliud
1115 5286 1488 5352 atramentum,
1537 5279 1626 5331 sed
1679 5277 2094 5352 eadqumanus.
2170 5281 2345 5352 "‘r'v.
2404 5295 2456 5352 e.
2511 5281 2547 5334 i.
2603 5282 2639 5336 i.
2700 5290 2753 5336 et
2812 5282 2999 5337 desum
3053 5285 3105 5338 5.

563 5348 632 5379 ἰθ
671 5345 952 5398 anze—
986 5359 1113 5396 ann.
1150 5345 1241 5398 )‘L‘J

3209 5285 3277 5316 '"
3329 5292 3385 5339 et
3433 5301 3482 5339 ι’.
3537 5286 3735 5339 desunt
3786 5284 3830 5338 5.

1249 5345 1267 5398 I
1309 5349 1538 5408 primum
1582 5364 1720 5402 anno
1744 5348 1869 5408 827,
1927 5358 2037 5402 tum
2074 5365 2212 5403 anno
2251 5351 2356 5400 85:8
2389 5351 2663 5408 adscripta
2704 5356 2912 5408 suntin
2948 5356 2994 5408 1.
3072 5355 3141 5392 ³η
3180 5353 3242 5408 Ε.
3285 5353 3349 5408 R.
3397 5371 3451 5408 a.
3480 5356 3540 5408 d.
3586 5357 3703 5408 hcc
3736 5356 3834 5408 alio
