3996 5474
221 174 350 235 im

1094 177 1383 244 ADPEND.
1422 182 1511 239 ΠΙ.
1550 216 1621 227 —
1654 186 2087 247 MONUMENTA
2127 192 2592 255 GREGORIANA.

3343 211 3482 273 {350

219 287 421 344 Rabani
466 285 922 363 Mogontiacensis
972 296 1366 371 archiepiscopi
1416 300 1470 355 in
1514 312 1783 360 conventu
1814 309 1864 365 Α
1956 307 2082 363 864.
2125 309 2467 369 Guntharius
2513 307 3478 396 ColoniensisEpiscopalecilicium

217 381 592 453 episcoporum
624 382 951 455 Mogontiaci
987 387 1155 458 (conc.
1194 390 1383 462 Mog),
1411 392 1693 451 confutata
1712 404 1796 453 est

219 473 422 527 heresis
455 472 1088 546 Praedestinatianorum,
1132 496 1367 551 quorum
1397 486 1572 555 capita
1604 488 1795 546 beatus

216 564 545 634 Augustinus
570 564 839 637 confregit
860 578 1024 639 atque
1046 571 1302 627 contrivit
1330 574 1384 629 in
1412 572 1553 632 libro
1574 579 1641 634 de
1665 596 1793 635 cor-

215 656 453 725 reptione
483 664 537 710 et
573 657 746 728 gratia
780 667 834 713 et
883 661 1358 730 prardestinatione
1387 677 1699 726 sanctorum
1729 689 1792 727 ac

216 748 344 803 bono
361 752 763 820 perseverantia!
788 754 881 808 ⁸⁸⁷.

281 839 402 894 848.
443 839 798 900 Gotescalcus
830 844 1051 916 quidam
1080 847 1367 919 presbiter,
1400 858 1666 926 quosdam
1698 861 1794 916 ho-

214 933 384 986 mines
413 932 482 986 ad
518 934 708 1001 vitam,
757 938 1026 1006 quosdam
1054 942 1123 996 ad
1147 953 1377 999 mortem
1409 947 1791 1006 incvitabiliter

214 1039 245 1079 a
270 1022 377 1078 Deo
405 1026 819 1094 praedestinatos
848 1030 1247 1103 dogmatizans,
1280 1038 1333 1092 in
1375 1052 1644 1098 conventu
1682 1045 1793 1115 epi-

213 1131 498 1186 scoporum
523 1117 844 1190 Mogontiaci
869 1124 1176 1193 convictus,
1204 1144 1371 1199 regno
1395 1134 1700 1203 expellitur.

278 1207 400 1262 849.
442 1207 631 1280 Augia:
655 1205 1032 1270 Walahfridus
1061 1214 1260 1273 Strabo
1285 1221 1454 1277 abbas
1492 1225 1653 1295 obiit;
1688 1244 1787 1299 pro

210 1314 317 1370 quo
343 1298 641 1356 Folcuinus
676 1303 846 1359 abbas
875 1305 999 1359 1‘5!“
1039 1306 1256 1378 prefuit
1284 1311 1444 1369 annis
1470 1316 1522 1371 9.

220 1443 227 1449 ,
277 1388 400 1445 850.
443 1389 635 1463 Magna
666 1392 840 1451 fames
866 1397 1011 1453 circa
1036 1397 1321 1470 Rhenum,
1350 1404 1403 1460 in
1425 1423 1533 1477 qua
1562 1407 1784 1469 Rhaba-

209 1498 311 1538 nus
335 1485 778 1558 archiepiscopus
800 1491 1004 1547 multos
1029 1509 1297 1564 pauperes
1320 1498 1472 1554 aluit.

280 1573 399 1630 352.
440 1574 637 1649 Magna
678 1579 908 1638 sinodus
941 1591 997 1637 et
1039 1586 1310 1655 generalis
1334 1600 1636 1649 conventus
1667 1592 1783 1650 Mo-

210 1664 441 1737 gontiaci
473 1682 502 1721 a
530 1665 794 1724 Rhabano
819 1666 1232 1746 archiepiscopo
1254 1685 1308 1732 et
1333 1676 1629 1738 Ludowico
1656 1700 1783 1757 rege

210 1753 439 1810 habitus.

272 1844 394 1901 855.
432 1845 774 1905 Nordmanni
796 1850 1080 1910 basilicam
1100 1856 1275 1914 sancti
1295 1858 1515 1917 Martini
1542 1856 1781 1927 Turonis

207 1932 518 1996 incendunt.

269 2032 392 2089 855.
434 2033 732 2094 Lotharius
769 2038 1085 2113 imperator,
1114 2043 1307 2102 relicto
1341 2049 1548 2107 mundo
1568 2051 1778 2112 diviso-

203 2139 304 2195 que
338 2124 483 2181 inter
514 2126 657 2183 ﬁlios
683 2144 874 2201 regno,
912 2136 1243 2191 monachum
1270 2154 1327 2195 se
1356 2138 1593 2200 Prumite
1623 2143 1775 2215 fecit,

200 2219 251 2266 et
274 2227 378 2266 non
405 2213 581 2269 multo
611 2224 754 2285 post,
777 2217 830 2271 5.
856 2217 975 2273 Kal.
1003 2217 1195 2277 Octob.
1222 2224 1291 2279 ad
1325 2241 1551 2297 regnum
1577 2213 1777 2289 celeste

201 2303 467 2375 migravit.
495 2305 626 2361 Post
649 2297 812 2378 quem
838 2308 934 2363 ﬁlii
958 2311 1079 2381 ejus
1110 2311 1442 2374 Ludowicus
1480 2320 1777 2391 imperator

198 2397 419 2470 Italiam,
458 2410 513 2457 et
536 2401 832 2461 Lotharius
855 2403 1160 2478 Cisalpinas
1191 2419 1376 2481 partes
1406 2415 1559 2485 regni
1592 2426 1777 2475 tenue-

198 2499 337 2546 runt.

263 2580 383 2637 856.
424 2581 756 2655 Mogontiaci
774 2584 1038 2667 Rhabano
1059 2588 1471 2662 archiepiscopo
1491 2592 1768 2664 defuncto,

201 2676 457 2743 successit
508 2674 780 2745 Karolus,
829 2677 972 2734 ﬁlius
1014 2678 1193 2750 Pipini
1242 2681 1386 2751 regis
1438 2683 1766 2755 Aquitaniae.

199 2761 377 2819 Romae
411 2763 595 2820 Leone
632 2765 926 2834 defuncto,
956 2766 1116 2821 106us
1146 2766 1475 2828 Benedictus
1503 2771 1593 2842 III,
1628 2792 1770 2848 papa

200 2849 511 2909 sedit'annis
534 2854 591 2921 2,
623 2855 907 2912 mensibus
937 2855 990 2910 6.

264 2943 383 3000 857.
426 2944 684 3018 Synodus
714 2961 746 3001 a
773 2944 974 3003 Karolo
1001 2947 1413 3022 archiepiscopo
1436 2951 1766 3026 Mogontiaci
1794 2992 1836 3051 ρ

196 3034 478 3107 colligitur.
633 3096 636 3098 γ

261 3127 381 3184 858.
423 3129 623 3186 Villam
684 3133 961 3202 quandam
1027 3134 1184 3208 juxta
1244 3136 1656 3210 Mogonciacum
1712 3153 1768 3201 et

195 3214 458 3290 Rhenum,
492 3222 807 3280 Cammunti
833 3236 1103 3295 vocatam,
1130 3245 1363 3299 nequam
1406 3234 1630 3302 spiritus
1665 3234 1767 3291 ho-

195 3311 363 3368 mines
412 3316 788 3387 multipliciter
836 3318 1147 3376 infestando
1196 3323 1516 3380 devastavit.
1578 3326 1765 3384 Romae

191 3414 308 3474 past
330 3402 685 3464 Benedictum
718 3410 879 3464 107!"
905 3411 1162 3468 Nicolaus
1189 3431 1327 3486 papa
1358 3418 1496 3471 sedit
1518 3421 1679 3476 annis
1706 3422 1759 3476 9.

254 3496 374 3553 859.
414 3499 609 3555 Crebri
663 3509 823 3558 terra:
874 3513 1057 3561 motus
1108 3505 1510 3579 Mogontiacum
1555 3527 1763 3569 concu-

184 3585 324 3661 tiunt
349 3608 363 3657 ;
389 3592 574 3663 ibique
599 3592 811 3671 Probus
828 3597 1097 3668 presbiter
1117 3599 1406 3673 religiosus
1438 3610 1494 3659 et
1516 3614 1760 3676 sanctus,

191 3674 237 3732 7.
262 3678 378 3737 Kal.
406 3681 539 3738 Julii
566 3685 722 3741 obiit.

252 3771 374 3829 860.
413 3774 640 3849 Hiemps
673 3780 913 3836 maxima
943 3784 1109 3838 etiam
1138 3782 1354 3841 Ionium
1399 3803 1550 3844 mare
1585 3805 1761 3861 usque

182 3859 237 3916 in
273 3860 553 3922 Venetiam
589 3885 686 3940 per
715 3872 939 3943 glaciem
969 3876 1124 3944 equis
1146 3877 1375 3932 meabile
1399 3877 1545 3934 fecit.

251 3952 391 4010 861.‘
415 3957 768 4030 Meginradus
825 3962 1015 4036 Augia:
1068 3968 1410 4035 monachus,
1453 3979 1507 4025 et
1550 3971 1759 4041 primus

180 4043 356 4103 incola
379 4049 591 4106 heremi
621 4067 744 4123 qua:
783 4052 1044 4111 Turicino
1069 4057 1281 4128 adjacet
1300 4059 1442 4115 Iacui
1472 4077 1502 4116 a
1526 4062 1757 4133 quibus-

181 4133 300 4191 dam
322 4138 629 4199 latronibus
663 4144 796 4200 inibi
824 4145 909 4200 12.
944 4145 1063 4202 Kal.
1087 4146 1245 4203 Febr.
1274 4160 1606 4221 peremptus,
1634 4161 1759 4223 post

180 4236 409 4284 mortem
438 4229 734 4288 virtutibus
769 4234 984 4303 claruit,
1029 4223 1217 4307 Augia:
1258 4239 1521 4308 sepultus.
1562 4241 1607 4294 A
1645 4258 1755 4313 quo

1896 407 2020 468 post
2044 398 2390 458 interdictum
2424 420 2718 478 usurpans,
2751 419 2832 466 set
2874 422 3060 481 postea
3095 415 3292 472 ductus
3326 420 3479 490 peni-

1895 489 2066 544 tentia
2104 491 2332 549 Romam
2365 496 2540 565 venit,
2583 506 2669 567 φὶ
2706 498 2930 558 minime
2964 507 3311 564 reconciliari
3334 489 3475 565 Vme-

1893 579 2023 635 ruit.
2760 598 2761 601 ‘

1964 672 2089 727 865.
2129 673 2396 732 Arseuius
2444 679 2756 752 episcopus,
2800 680 3010 742 Nicolai
3045 704 3198 759 papae
3241 690 3472 764 legatus,

1892 760 1997 831 ipsi
2027 762 2290 822 Lothario
2319 768 2477 824 ﬁdem
2503 773 2724 827 conubii
2746 790 2842 845 per
2866 790 3208 835 sacramenta
3236 760 3320 836 12'
3331 784 3475 854 prin-

1891 854 2072 925 cipum
2125 874 2351 915 suorum
2397 861 2704 935 pollicenti,
2758 864 3131 942 Tiothpirgam
3186 875 3473 947 conjugem

1890 950 2296 1006 reconciliatam
2331 948 2581 1010 reddidit.

1959 1038 2083 1094 866.
2127 1040 2352 1114 Vulgari
2378 1043 2564 1102 missis
2590 1064 2623 1104 a
2646 1048 2872 1107 Nicolao
2912 1069 3049 1125 papa
3083 1064 3138 1112 et
3178 1055 3473 1117 Ludowico

1888 1145 2017 1202 rege
2053 1134 2516 1205 praedicatoribus,
2545 1139 2707 1197 ﬁdem
2728 1139 2932 1200 Christi
2958 1147 3282 1218 suscipiunt.

1958 1220 2082 1278 867.
2124 1219 2419 1283 Lotharius
2448 1246 2542 1285 rex
2588 1233 2917 1302 posthabitis
2941 1238 3246 1309 principum
3281 1257 3471 1298 sacra-

1886 1314 2122 1381 mentis,
2165 1315 2537 1392 Thiotpirgam
2582 1326 2885 1394 repudiavit
2934 1328 3132 1384 iterum
3155 1373 3170 1397 ,
3208 1347 3267 1386 se
3300 1333 3471 1402 priori

1886 1406 2206 1463 concubinae
2248 1412 2631 1469 commiscens.
2680 1414 2835 1473 Unde
2855 1434 2979 1474 eum
3027 1436 3166 1491 papa
3212 1421 3471 1481 Nicolaus

1886 1510 2011 1552 cum
2060 1498 2175 1555 suis
2208 1504 2566 1573 complicibus
2608 1511 3134 1579 excommunicavit,
3181 1512 3356 1569 literis
3403 1514 3471 1570 ad

1883 1584 2131 1647 diversos
2157 1594 2365 1652 missis.

1955 1682 2079 1737 868.
2125 1682 2377 1756 Synodus
2403 1705 2599 1760 magna
2622 1706 2806 1747 coram
2833 1690 3128 1750 Ludowico
3159 1711 3284 1767 rege
3312 1696 3469 1751 colli-

1881 1772 2029 1844 gitur
2094 1774 2430 1834 Wormaliae.
2481 1781 2668 1837 Romae
2727 1783 2985 1839 defuncto
3029 1801 3168 1857 papa
3221 1785 3467 1857 Nicolao,

1882 1863 2042 1918 £08"
2072 1865 2344 1923 Adrianus
2368 1870 2408 1923 ll
2458 1873 2596 1926 sedit
2621 1874 2781 1929 annis
2807 1876 2859 1929 5.
2893 1875 2975 1931 Ad
3009 1892 3172 1947 quem
3204 1895 3329 1933 cum
3360 1878 3468 1934 Lo-

1824 2022 1825 2025 η
1878 1954 2093 2011 tharius
2122 1974 2211 2013 rex
2235 1960 2493 2027 venisset,
2521 1972 2574 2017 et
2604 1964 2806 2020 frustra
2834 1968 3133 2037 opitulante
3159 1969 3325 2026 fratre
3357 1970 3469 2026 Lu-

1877 2046 2093 2103 dowico
2130 2049 2479 2120 imperatore.
2525 2071 2622 2124 pro
2655 2055 2963 2114 Waldradze
2990 2062 3311 2117 concubinae
3352 2079 3468 2118 sure

1875 2139 2228 2196 matrimonio
2277 2143 2412 2198 satis
2447 2146 2679 2215 egisset,
2736 2148 2903 2203 nichil
2953 2150 3179 2220 profuit.
3243 2152 3458 2224 (Reum.

1877 2226 2075 2287 Chron.
2109 2247 2160 2287 a.
2208 2233 2359 2304 869.)
2396 2234 2478 2299 Ea
2502 2238 2571 2267 ²²⁸
2602 2238 2811 2307 quidem
2850 2240 3081 2293 conditio
3129 2242 3178 2296 ei
3212 2244 3463 2311 dabatur,

1874 2332 1933 2377 ut
1972 2323 2021 2377 si
2048 2323 2289 2379 innocens
2330 2335 2482 2393 esset,
2525 2326 2854 2396 ﬁducialiter
2881 2345 3069 2400 corpus
3100 2332 3316 2387 Domini
3346 2352 3465 2405 per-

1872 2412 2100 2482 ciperet;
2132 2412 2218 2481 sin
2252 2430 2391 2482 vero,
2436 2414 2573 2469 illud
2617 2415 2920 2471 nullatenus
2967 2420 3204 2490 accipere
3248 2436 3460 2491 prwsn-

1872 2512 2053 2558 meret.
2085 2502 2174 2559 Set
2208 2505 2318 2576 ipse
2344 2508 2655 2563 temerarius
2680 2508 2922 2575 accessit,
2946 2518 2994 2563 et
3023 2527 3143 2564 cum
3167 2512 3279 2565 suis
3314 2529 3462 2566 com-

1870 2593 2095 2663 plicibus
2132 2595 2434 2651 inevitabile
2454 2598 2723 2667 judicium
2754 2600 2857 2653 sibi
2884 2614 3080 2671 suoque
3108 2616 3264 2672 regno
3284 2645 3298 2669 ,
3326 2602 3463 2657 Iten.’

1871 2685 2093 2739 nimium
2137 2687 2371 2755 demens,
2414 2690 2666 2759 percepit.
2711 2686 2858 2743 Nam
2908 2698 3059 2744 tanta
3111 2691 3288 2746 clades
3324 2693 3462 2750 hanc

1869 2778 2331 2848 prasamptionem
2351 2780 2607 2837 divinitus
2634 2782 2913 2837 subsecuta
2941 2790 3039 2848 est,
3063 2789 3121 2835 ut
3139 2784 3193 2836 in
3223 2783 3460 2853 ejusdem

1869 2866 2114 2925 Lotharii
2144 2887 2320 2942 regno,
2351 2881 2463 2927 tota
2489 2875 2656 2928 virtus
2677 2891 2739 2927 ac
2762 2872 3036 2942 nobilitas,
3076 2890 3178 2927 non
3213 2884 3355 2945 peste
3382 2884 3460 2929 set

1869 2962 2024 3032 quasi
2045 2962 2230 3017 hostili
2253 2962 2458 3034 gladio,
2485 2966 2659 3021 deleta
2688 2966 2973 3021 videretur.

1939 3052 2063 3108 869.
2114 3031 2408 3110 Lotharius
2465 3073 2561 3112 rex
2619 3073 2745 3112 cum
2777 3057 3161 3129 :complicihus
3221 3058 3338 3115 suis
3399 3075 3461 3115 se

1867 3144 2009 3214 apud
2031 3160 2228 3215 papam
2271 3146 2570 3203 Adrianum
2619 3150 2685 3204 de
2717 3150 2881 3205 illatis
2925 3150 3250 3207 criminibus
3293 3168 3461 3209 excu-

1867 3251 1997 3291 sans
2017 3243 2071 3290 et
2100 3250 2303 3306 corpus
2336 3237 2554 3293 Domini
2600 3242 2890 3297 temerarie
2943 3241 3014 3296 ab
3046 3256 3113 3296 eo
3158 3241 3455 3310 accipiens,

1865 3339 1991 3380 eum
2020 3326 2221 3382 rediret
2276 3327 2524 3389 domum,
2564 3327 2855 3386 Placentiae
2877 3331 3071 3402 periit;
3127 3339 3459 3400 autoresque

1865 3417 2089 3473 sceleris
2118 3433 2255 3487 pene
2278 3433 2471 3474 omnes
2493 3420 2671 3475 obiter
2697 3422 2925 3493 periere.
2954 3421 3315 3495 Regnumque
3337 3423 3458 3495 ejus

1864 3508 2102 3565 Karolus
2128 3519 2360 3580 patruus
2384 3512 2504 3582 ejus
2530 3512 2751 3570 invasit.

1933 3600 2057 3657 870.
2102 3599 2354 3673 Synodus
2401 3620 2600 3676 magna
2631 3605 2875 3662 Coloniae
2916 3606 3165 3674 collecta,
3194 3613 3249 3661 et
3284 3605 3457 3661 multa

1861 3708 1962 3764 pro
1984 3699 2127 3748 statu
2166 3691 2391 3748 teclesia:
2420 3693 2656 3750 decreta.

1931 3782 2056 3839 871.
2079 3782 2292 3856 (REGIN.
2311 3782 2534 3857 Chron.)
2552 3787 2621 3818 ²²⁹
2637 3785 2952 3842 Ludowicus
2972 3787 3260 3858 imperator
3281 3786 3321 3840 Α
3331 3785 3425 3841 dal
3444 3815 3457 3827 -

1860 3878 1973 3948 giso
2024 3886 2248 3947 tyranno
2263 3894 2357 3947 per
2398 3887 2796 3932 sacramentum
2814 3881 3217 3951 repacificatur;
3246 3896 3349 3948 quo
3367 3888 3455 3933 ta-

1860 3984 1976 4023 men
1997 3977 2331 4022 sacramento
2377 3986 2496 4024 eum
2518 3979 2635 4041 post
2681 3968 2917 4025 Joannes
2943 3987 3082 4041 papa
3126 3970 3374 4039 absolvit,
3402 3978 3456 4025 et

1857 4078 1976 4116 eum
2000 4069 2186 4116 contra
2202 4062 2713 4116 eundemtirannum
2739 4062 2982 4116 incitavit
3022 4061 3093 4116 ad
3126 4060 3450 4117 bellandum.

1860 4158 1863 4159 ⁷
1928 4155 2052 4212 872.
2097 4154 2335 4210 Basilius
2359 4155 2656 4226 imperator
2676 4155 2976 4211 Grecorum
2998 4156 3308 4226 portionem
3349 4154 3452 4210 do-

1856 4250 2071 4306 minicae
2092 4249 2272 4305 crucis
2307 4246 2601 4304 Ludowico
2630 4249 2744 4320 regi
2769 4248 3091 4303 transmisit.

179 4331 351 4390 usque
392 4321 557 4379 hodie
608 4321 876 4381 Heremus
907 4325 1024 4396 ipsa
1069 4342 1101 4383 a
1133 4328 1339 4384 sanctis
1385 4338 1441 4384 et
1488 4328 1759 4403 religiosis
1790 4332 1835 4387 D
1930 4342 2054 4399 373,
2095 4340 2282 4397 Roma
2340 4340 2598 4396 defuncto
2653 4340 2926 4407 Adriano,
2982 4340 3144 4396 109us
3210 4338 3452 4398 Joannes

179 4411 307 4469 viris
337 4415 509 4481 culta,
534 4418 590 4473 in
616 4419 797 4477 nobile
817 4422 1059 4477 excrevit
1092 4424 1403 4480 cenobium.
1866 4433 1983 4490 Vill
2026 4451 2166 4507 papa
2192 4434 2333 4490 sedit
2376 4434 2537 4489 annis
2572 4432 2636 4487 10
2665 4433 2755 4501 ²³⁰,
2786 4432 2936 4503 cujus
2968 4442 3232 4505 prlecepto
3273 4432 3448 4488 Joan-

244 4504 369 4560 862·
430 4506 729 4589 Ῐλοίιηΐίυε
800 4530 896 4569 rex
957 4512 1267 4572 faventibus
1337 4517 1761 4591 archiepiscopis
1861 4544 1951 4582 nes
1980 4504 2236 4582 diaconus
2261 4526 2514 4583 Romana:
2539 4524 2764 4587 a'clesiaz
2797 4527 2962 4581 vitam
2988 4526 3166 4582 sancti
3213 4524 3451 4599 Gregozii

178 4582 482 4656 Gunthario
514 4600 838 4662 Coloniense
883 4614 937 4662 et
975 4606 1367 4681 Theothgaudo
1403 4607 1756 4681 Treverense,
1858 4621 2158 4676 authentice
2181 4620 2484 4690 descripsit.

177 4691 481 4760 repudiavit
514 4693 892 4770 Tiothpirgam
937 4716 1164 4757 uxorem
1207 4703 1526 4776 legitimam,
1562 4706 1757 4763 sinodo
1929 4713 2053 4768 874.
2097 4711 2348 4768 Ratolfus
2398 4710 2738 4769 Veronensis
2783 4710 3088 4785 episcOpus
3144 4709 3312 4777 obiit,
3363 4712 3459 4795 qui

176 4779 242 4835 ad
271 4782 375 4840 hoc
394 4786 821 4848 machinandum
848 4792 1094 4849 collecta.
1858 4805 1946 4861 sui
1971 4804 2212 4861 nominis
2233 4805 2429 4861 cellam
2457 4805 2770 4862 construxit
2792 4805 2950 4876 juxta
2993 4802 3230 4875 Augiam

243 4872 366 4930 863.
412 4875 634 4950 Synodo
702 4879 891 4940 Romae
955 4885 1181 4942 collecta
1208 4927 1224 4954 ,
1289 4884 1627 4947 Guntharius
1701 4900 1758 4948 et
1927 4897 2055 4955 875.
2094 4897 2427 4953 Ludowicus
2452 4898 2754 4973 imperator
2782 4872 2954 4951 italiae
3023 4872 3332 4957 defunctus,
3358 4890 3479 4949 Me-

176 4959 601 5040 Theothgaudus
646 4974 1037 5046 archiepiscopi
1080 4977 1212 5033 illuc
1241 4980 1569 5047 transmissi,
1603 4999 1633 5038 a
1655 4983 1754 5039 Ni-
1854 4987 2060 5046 diolani
2087 4990 2373 5062 sepelitur,
2402 4959 2553 5046 anno
2576 4988 2735 5058 regni
2763 4985 2881 5043 20°.
2911 4985 3122 5065 Cujus
3138 4995 3362 5051 regnum
3381 4997 3492 5051 pa-

175 5056 363 5113 cholao
385 5076 527 5131 papa
548 5074 676 5119 sunt
689 5065 942 5138 depositi,
959 5072 1156 5125 etcum
1172 5070 1382 5142 synodo
1398 5088 1497 5127 sua
1521 5078 1753 5133 anathe-
1855 5088 2018 5141 truus
2043 5056 2167 5156 ejus
2197 5079 2436 5137 Karolus
2460 5097 2558 5138 rex
2584 5076 2895 5135 Galliarum
2920 5073 3251 5142 invadens,
3273 5065 3506 5128 3301\n-

176 5149 434 5219 matizati,
458 5151 856 5219 LOthariusaue
877 5174 991 5228 rex,
1018 5161 1123 5217 nisi
1141 5161 1508 5232 resipisccrct,
1532 5182 1756 5225 cxcom-
1855 5188 1928 5230 ne
1956 5149 2094 5247 papa
2116 5189 2177 5232 se
2201 5171 2594 5243 imperatorem
2633 5165 2896 5227 coronari
2920 5164 3119 5235 fecit.

175 5244 481 5302 municatus
505 5258 608 5304 est.
907 5248 911 5252 ”

1932 5244 2056 5322 876.
2098 5258 2433 5322 Ludowicus
2475 5281 2573 5322 rex
2606 5262 2907 5337 religiosus
2964 5257 3158 5344 apud
3194 5247 3520 5310 Francono-

1439 5392 1525 5448 VA
1535 5394 1676 5457 RIIE
1712 5396 2117 5461 LECTIONES.
