3996 5474
512 180 642 240 1551
1498 173 1588 228 AD
1623 171 1848 228 OPERA
1891 172 1948 228 S.
1985 171 2313 229 GREGORII
2351 171 2788 235 APPENDICES.
3641 177 3778 234 1552

507 293 622 349 furt
649 293 682 348 5
735 287 853 346 Kal.
889 285 1224 360 Septembris
1271 294 1427 356 omit,
1451 302 1614 359 anno
1655 287 1807 358 regni
1851 287 1964 354 '56",
2003 302 2090 342 re-
2119 293 2166 352 Α
2259 285 2386 342 892.
2429 287 2616 344 Roma:
2667 295 2790 358 post
2831 283 3169 356 Stephanum
3223 285 3568 357 Formosus,
3623 290 3774 360 prius

505 397 792 460 gpumque
826 381 947 452 ejus
976 389 1087 436 tres
1131 379 1250 445 ﬁlii,
1305 378 1710 436 Karlo.nannus
1758 378 2089 450 Bajoariam,
2189 377 2512 435 Portuensis
2551 379 2865 450 episcopus,
2916 393 3056 450 papa
3105 379 3292 446 H3“,
3339 379 3484 435 sedit
3523 382 3688 438 annis
3721 383 3772 449 4,

506 475 835 532 Ludowicus
861 471 1240 539 Germaniam,
1272 471 1504 527 Karolus
1531 471 1933 541 Alemanniam,
1975 473 2093 528 sin-
2189 471 2475 528 mensibus
2514 471 2564 527 7.

505 568 618 640 guii
641 583 766 623 cum
793 563 1167 636 adjacentibus
1191 563 1490 634 provinciis
1525 578 1804 634 accepere.
2093 569 2098 574 '
2260 563 2386 619 895.
2427 562 2730 619 Formosus
2767 577 2907 634 papa
2956 561 3246 618 Arnolfum
3283 577 3470 634 regem
3503 563 3578 618 ad
3599 564 3776 620 susci-

575 659 701 714 877.
741 655 976 712 Karolus
1033 671 1130 711 rex
1185 654 1486 710 Galliarum
1533 655 1690 722 obiit,
1743 671 1889 710 anno
1936 658 2092 728 regni
2188 655 2442 726 piendam
2466 663 2520 710 et
2543 674 2576 708 ει
2601 655 2848 727 tyrannis
2873 655 3176 728 eruendam
3206 653 3419 709 Italiam
3450 655 3669 710 invitat.

504 750 616 804 57°.
645 747 778 804 Post
809 763 973 818 quem
1007 745 1154 802 Illius
1193 746 1316 817 ejus
1371 745 1700 802 Ludowicus
1745 745 1948 802 Balbus
1998 722 2089 803 re-
2189 722 2208 726 —
2258 745 2384 802 895.
2427 746 2496 778 ’³³
2521 722 2774 818 Syn'odus
2795 760 2992 816 magna
3021 722 3166 814 apud
3187 742 3499 800 Triburiam
3527 744 3773 800 collecta.

504 853 670 912 gnum
697 839 998 896 Galliarum
1024 837 1254 908 accepit.
2188 826 2432 908 Itemque
2453 852 2550 892 rex
2573 852 2604 892 a
2630 853 2770 908 papa
2793 830 3042 910 rogatus,
3077 833 3288 890 Italiam
3309 835 3468 906 petit.

571 931 695 986 878.
740 930 1072 988 Ludowicus
1093 945 1189 983 rex
1211 927 1518 984 Germaniae
1544 943 1670 984 cum
1699 927 1868 986 fratre
1887 927 2089 986 Karolo
2259 929 2384 985 896.
2424 927 2689 984 Arnolqu
2741 944 2838 984 rex
2891 927 3112 984 tandem
3157 927 3387 984 Romam
3422 927 3598 996 venit,
3654 936 3711 983 et
3743 940 3773 984 ι

501 1037 733 1092 regnum
759 1021 1008 1076 Lotharii
1033 1021 1238 1076 divisit.
2188 1019 2455 1076 Formoso
2478 1036 2617 1091 papa
2646 1021 2944 1092 imperator
2966 1028 3264 1076 coronatus
3307 1027 3410 1076 est.
3469 1009 3774 1075 Formosus

573 1113 700 1168 879.
743 1111 1072 1169 Ludowicus
1109 1111 1332 1178 Balbus,
1359 1112 1504 1167 filius
1531 1109 1738 1172 Karoli.
1763 1127 1860 1170 rex
1891 1109 2089 1166 Gallia-
2185 1128 2328 1184 papa
2366 1113 2452 1168 die
2474 1113 2694 1184 paschae
2736 1111 2890 1168 obiit.
2923 1111 3030 1167 Pro
3066 1127 3179 1182 quo
3221 1121 3408 1168 sextus
3456 1110 3775 1166 Bonifacius

499 1219 646 1270 rum,
676 1203 858 1260 5ldus
919 1203 1124 1276 Aprilis
1145 1203 1465 1275 Compendii
1491 1203 1647 1259 obiit.
2079 1275 2090 1280 _
2185 1218 2327 1275 papa
2351 1205 2508 1259 11ι1ιιι
2556 1204 2864 1270 ordinatus,
2917 1203 3008 1260 15⁸
3055 1205 3146 1260 die
3191 1203 3434 1275 podagra
3481 1201 3774 1259 defundes

570 1297 696 1353 880.
738 1298 1147 1357 Karlomannus
1204 1316 1300 1355 rex
1363 1299 1631 1371 Bajoaria:
1693 1298 1839 1370 apud
1899 1297 2086 1374 villam
2185 1305 2288 1352 est.

497 1385 750 1462 Otingam
777 1390 934 1457 obiit,
971 1391 1032 1445 11
1070 1389 1297 1446 Kalend.
1331 1391 1555 1462 Aprilis.
2253 1386 2380 1443 897.
2421 1387 2494 1421 ⁸³⁵
2514 1385 2617 1444 Cui
2639 1397 2826 1444 sextus
2865 1385 3178 1458 Stephanus
3200 1402 3340 1458 papa
3367 1387 3540 1444 115ιι·
3568 1387 3774 1444 substi-

570 1480 696 1536 881.
737 1478 1076 1538 Nordmanni
1117 1483 1319 1539 multas
1339 1481 1652 1554 provincias
1695 1482 1752 1538 in
1789 1479 1962 1540 Gallia
1989 1496 2087 1538 va-
2185 1487 2358 1547 tutus,
2384 1480 2525 1537 sedit
2544 1494 2752 1536 annum
2777 1480 2828 1534 1.
2851 1479 2957 1547 Qui
2979 1479 3227 1552 tyrannis
3253 1478 3408 1534 favit.

391 1573 398 1577 “
497 1579 664 1647 stant.
684 1570 918 1645 Karolus
933 1589 1049 1641 rex,
1079 1572 1250 1632 frater
1261 1573 1563 1643 Ludowiei,
1588 1573 2081 1644 Romamveniens,
2255 1565 2386 1628 898.’
2421 1573 2492 1606 ⁸³⁵
2522 1571 2710 1628 Romae
2734 1580 2862 1643 post
2880 1570 3140 1643 Stephani
3169 1571 3454 1626 interitum
3485 1570 3774 1628 Romanus

497 1679 608 1719 una
631 1679 758 1720 cum
783 1665 970 1737 regina
1002 1665 1309 1738 Richgarda
1340 1667 1608 1738 imperiali
1639 1669 1899 1724 unctione
1933 1683 1964 1722 a
1999 1665 2087 1724 Jo-
2117 1647 2161 1702 Β
2184 1678 2323 1735 papa
2353 1663 2512 1719 116υ·
2566 1665 2706 1721 sedit
2747 1663 3031 1720 mensibus
3074 1663 3239 1734 paulo
3294 1663 3421 1733 plus
3449 1665 3508 1730 4,
3559 1671 3618 1720 et
3652 1671 3776 1734 post

496 1770 638 1811 anne
658 1772 796 1827 papa
820 1767 1136 1826 coronatur,
1166 1759 1235 1791 ²⁸ι
1265 1769 1314 1814 et
1339 1777 1516 1834 euntes
1543 1758 1808 1814 Italorum
1829 1759 2082 1830 episcopi,
2185 1755 2335 1810 hunc
2361 1753 2682 1812 Theodorus
2704 1754 2770 1824 Il,
2815 1770 2955 1828 papa
2981 1754 3166 1820 117υε,
3195 1753 3337 1810 sedit
3374 1755 3496 1811 dies
3523 1755 3621 1811 20.
3648 1755 3774 1812 Post

493 1857 688 1918 prreter
710 1865 924 1921 papam,
937 1851 1252 1922 imperatori
1273 1851 1630 1923 jurejurando
1665 1851 2043 1922 subjiciuntur.
2185 1859 2346 1917 quem
2373 1845 3163 1918 nonusJobannespapalISu'
3176 1845 3486 1914 ordinatus,
3509 1848 3656 1904 sedit
3673 1864 3772 1903 an-

563 1941 691 1996 882.
733 1940 1061 2000 Ludowicus
1085 1959 1182 1999 rex
1211 1943 1520 2000 Germania:
1553 1945 1621 2000 15
1663 1943 1894 2000 Kalend.
1919 1943 2080 2000 Febr.
2186 1938 2272 1994 nis
2292 1938 2346 2010 2-
2399 1960 2408 1970 ·

495 2032 646 2088 obiit.
689 2032 922 2090 Karolus
965 2035 1266 2106 imperator
1305 2034 1690 2092 Nordmannos
1741 2044 1938 2092 cuneta
1971 2020 2088 2094 cn;
2195 2035 2201 2038 ’
2257 2030 2382 2086 899.
2419 2028 2561 2086 Outa
2581 2028 2768 2102 regina
2785 2027 3042 2085 adulterii
3074 2029 3332 2086 incusata
3357 2029 3428 2085 72
3457 2037 3600 2071 ονιιι·
3622 2030 3772 2103 prin—

501 2135 841 2195 :umquaque
867 2132 1169 2193 vastantes,
1203 2141 1391 2196 pacem
1448 2141 1620 2198 regno
1673 2126 1797 2197 ejus
1827 2126 2084 2199 deinceps
2185 2121 2366 2194 Cipum
2385 2123 2698 2194 iuramento
2730 2123 2978 2179 absoluta
3012 2132 3116 2178 est.

495 2224 843 2270 sacramento
873 2215 1091 2272 firmare
1111 2219 1398 2287 compulit,
1427 2227 1482 2273 et
1507 2234 1692 2289 regem
1713 2234 1906 2274 eorum
1936 2220 2085 2298 chrif
2256 2215 2380 2272 900.
2422 2217 2492 2278 "F
2517 2215 2703 2280 Romae
2727 2225 2963 2288 quartus
3001 2215 3348 2284 Benedictus,
3387 2231 3532 2288 papa
3584 2218 3768 2285 H9”,

494 2304 829 2361 stianitatem
859 2306 1170 2376 professum
1193 2309 1262 2364 de
1290 2309 1568 2379 baptismo
1593 2311 1864 2382 suscepit,
1892 2311 2084 2382 sicque
2185 2307 2324 2364 sedit
2350 2308 2510 2364 annis
2528 2307 2584 2375 5,
2615 2308 2898 2364 mensibus
2920 2309 2973 2363 5.
3007 2307 3270 2366 Arnolfus
3316 2309 3624 2380 imperator
3657 2309 3766 2365 Ra-

492 2394 710 2451 firinata
739 2397 991 2454 ainieicia
1014 2399 1249 2470 digressi
1272 2409 1420 2456 sunt.
2185 2401 2434 2472 tisponae,
2490 2400 2585 2456 ubi
2642 2397 2984 2470 frequentius
3029 2399 3311 2468 manebat,
3358 2401 3516 2469 obiit,
3541 2401 3598 2458 -6
3639 2401 3764 2458 Idus

564 2487 690 2543 883.
731 2487 920 2571 Roma:
944 2489 1225 2548 Johannes
1274 2508 1412 2563 papa
1440 2509 1469 2548 a
1505 2493 1743 2563 quodam
1785 2494 2078 2562 toxicatus,
2184 2493 2497 2551 Decembris
2528 2494 2620 2561 ³³⁷,
2649 2507 2794 2554 anno
2834 2493 2988 2564 regni
3011 2493 3130 2562 12°;
3164 2509 3265 2564 pro
3311 2509 3424 2565 quo
3471 2495 3623 2562 filius
3649 2495 3768 2568 ejus

489 2578 655 2634 etiam
689 2594 721 2635 a
744 2581 983 2650 quodam
1027 2583 1139 2638 alio
1178 2597 1475 2652 percussus
1518 2584 1736 2653 malleo,
1781 2585 1938 2652 obiit,
1970 2593 2084 2640 sta-
2183 2586 2512 2642 Ludowicus
2533 2601 2670 2656 puer
2690 2585 2956 2657 regnavit.

489 2669 699 2743 timque
733 2688 1028 2743 percussor
1065 2675 1186 2745 (jus
1217 2691 1248 2731 a
1275 2675 1494 2730 nemine
1523 2675 1674 2733 Iesus
1714 2677 1969 2732 moritur.
2014 2675 2084 2732 Et
2253 2677 2377 2734 902.
2409 2677 2690 2750 Beringer,
2715 2675 2972 2748 Regiuolf
2984 2685 3040 2732 et
3057 2675 3302 2735 Gerliard
3324 2679 3539 2744 nobiles
3553 2695 3766 2753 germa-

491 2760 734 2817 Marinus
753 2764 1196 2832 archidiaconus,
1220 2781 1360 2838 papa
1386 2766 1574 2834 11οιιε,
1608 2765 1828 2836 praefuit
1848 2783 1997 2823 anno
2027 2769 2077 2838 I,
2183 2771 2259 2837 ni,
2287 2769 2384 2825 lilii
2427 2769 2622 2824 Atouis
2673 2769 2892 2824 comitis
2938 2776 2994 2828 et
3011 2769 3328 2838 Adellindte,
3377 2771 3572 2838 occisi,
3623 2773 3764 2844 apud

490 2853 772 2909 mensibus
802 2854 854 2909 6.
885 2853 1214 2912 Ludowicus
1237 2873 1333 2912 rex
1353 2855 1542 2913 Gallia:
1562 2857 1716 2912 obiit.
2182 2861 2632 2933 Bouchaugiense
2688 2860 2978 2917 cenobium
3040 2860 3313 2934 virginum
3338 2905 3356 2932 ,
3405 2880 3439 2920 a
3507 2867 3763 2936 praedicta

733 2944 1136 3044 IC-arlomannus
1198 2947 1344 3044 [ilius
1391 2947 1672 3044 Ludowici
1731 2949 1882 3004 Balbi
1907 2993 1923 3017 ,
1983 2966 2076 3005 rex
2106 2985 2148 3044 ο
2181 2953 2465 3011 Adellinda
2487 2961 2886 3020 constructum,
2912 2952 3272 3023 sepeliuntur,
3304 2955 3399 3010 ubi
3427 2965 3486 3012 ct
3511 2957 3760 3027 ipsama-

490 3035 678 3091 Gallia:
699 3037 853 3104 obiit,
883 3047 936 3094 et
981 3054 1211 3111 regnum
1255 3039 1443 3096 Galliae
1485 3039 1720 3096 Karolus
1779 3043 2079 3113 imperator
2113 3035 2148 3044 ν
2181 3056 2264 3113 ter
2285 3055 2472 3118 postea
2495 3055 2579 3102 est
2605 3045 2836 3115 sepulta.
2901 3099 2908 3104 .

489 3127 745 3184 obtinuit.
1398 3175 1402 3180 .
2249 3139 2374 3194 901.
2423 3137 2610 3194 Romae
2631 3147 2754 3208 post
2777 3137 3128 3194 Benedictum
3177 3137 3288 3195 Leo
3324 3137 3392 3208 ν,
3435 3140 3597 3212 prius
3640 3157 3762 3214 pre-

561 3218 686 3278 885.
727 3220 970 3278 Marinus
995 3238 1134 3294 papa
1179 3224 1337 3292 obiit,
1363 3240 1462 3296 pro
1497 3240 1609 3295 quo
1657 3224 1934 3282 Adrianus
1965 3225 2032 3280 IlI
2059 3268 2073 3296 ,
2179 3232 2360 3304 sliyter
2394 3229 2653 3298 forensis,
2690 3247 2828 3302 papa
2866 3230 3047 3300 120‘",
3083 3231 3222 3289 sedit
3261 3233 3552 3290 mensibus
3597 3233 3763 3290 ferme

489 3325 626 3380 papa
664 3310 847 3402 lli",
875 3312 1016 3368 sedit
1035 3328 1180 3368 anno
1211 3315 1262 3381 1,
1289 3315 1571 3372 mensibus
1591 3317 1655 3382 4.,
1697 3373 1700 3378 _
2177 3323 2412 3380 duobus.
2435 3322 2563 3378 Post
2587 3338 2769 3394 quem,
2798 3331 2859 3378 ut
2879 3323 2933 3378 in
2958 3324 3288 3395 quibusdam
3325 3324 3534 3393 inveni,
3557 3325 3763 3402 Cristo-

558 3402 682 3456 335-
727 3401 1027 3472 ιίηρβτίιῑοτ
1073 3420 1106 3458 a
1137 3421 1277 3492 papa
1307 3407 1618 3474 invitatus.
1651 3407 1863 3466 Italiam
1900 3409 2072 3467 venit.
2176 3419 2386 3490 phorus
2406 3415 2559 3490 prius
2587 3416 2902 3488 cardinalis,
2925 3431 3067 3488 papa
3106 3417 3292 3484 I21“,
3316 3417 3461 3474 sedit
3482 3418 3764 3475 mensibus

491 3489 680 3550 Romae
707 3493 937 3564 quintus
973 3489 1306 3566 Stephanus,
1335 3515 1476 3570 papa
1513 3500 1698 3568 IIS“,
1729 3509 1856 3572 post
1875 3500 2069 3569 Adria-

2176 3489 2419 3582 quatuor
2439 3528 2460 3577 ;
2483 3510 2578 3581 qui
2604 3509 2848 3582 deiectus
2870 3519 2955 3566 est
2971 3551 2986 3575 ,
3015 3517 3070 3564 et
3098 3511 3408 3566 monachus
3447 3509 3655 3567 factus.

490 3598 622 3675 ωιτη
647 3583 787 3639 sedit
820 3585 978 3640 annis
1003 3585 1058 3640 6ο
2061 3657 2068 3662 ,
2247 3603 2372 3660 905.
2403 3602 2593 3658 Romae
2621 3601 2846 3675 Sergius
2865 3601 2954 3670 III,
2981 3617 3122 3674 papa
3145 3600 3333 3668 ηεαδ,
3356 3603 3526 3660 annis
3549 3603 3606 3673 7,
3622 3619 3764 3662 men-

562 3674 688 3730 887.
722 3675 1035 3768 Itichgarda
1081 3678 1421 3750 imperatrix,
1473 3681 1728 3741 adulterii
1755 3699 1881 3740 cum
1923 3682 2077 3741 Liut—
2177 3695 2330 3752 sibus
2351 3703 2608 3768 quatuor.

488 3769 676 3826 wardo
719 3767 1050 3827 Vercellensi
1078 3772 1337 3845 episc0po
1361 3775 1630 3840 incusata,
1655 3775 1840 3832 divino
1865 3777 2075 3849 judicio
2247 3785 2372 3843 906.
2403 3785 2728 3857 Adalperlus
2757 3786 2956 3842 nobilis
3005 3793 3062 3840 et
3085 3785 3382 3842 bellicosus
3423 3786 3499 3843 de
3551 3787 3763 3844 nabere-

484 3875 550 3920 se
579 3862 650 3918 ab
676 3861 828 3918 omni
870 3861 1134 3922 virorum.
1153 3863 1544 3924 commixtione
1584 3865 1852 3940 integram
1877 3877 1932 3924 et
1960 3868 2074 3924 vir-
2175 3876 2326 3948 berg,
2351 3875 2706 3934 Counradum
2731 3877 2976 3932 emulum
3007 3891 3170 3951 suum
3193 3891 3378 3948 pugna
3399 3877 3615 3935 victum
3643 3891 3762 3936 cum

483 3952 672 4026 ginem
695 3954 1098 4024 comprobavit,
1147 3957 1400 4026 quamvis
1421 3955 1538 4029 jam
1565 3957 1633 4012 12
1667 3959 1828 4016 annis
1852 3959 1908 4014 in
1937 3975 2072 4016 con-
2175 3968 2300 4024 aliis
2323 3967 2512 4024 multis
2538 3967 2787 4038 peremit.

477 4044 640 4118 jngio
663 4046 1013 4116 imperatoris
1027 4048 1326 4119 aparuerit.
1353 4046 1639 4120 Moxquea
1660 4067 1784 4123 rege
1800 4062 2069 4123 separata,
2175 4113 2180 4120 ,
2245 4058 2370 4114 907.
2413 4057 2740 4128 Adalpertus
2769 4057 2995 4128 perfidia
3054 4055 3307 4115 Hattonis
3359 4061 3762 4132 archiepiscopi

487 4137 544 4191 in
573 4136 954 4222 Andeiahense
1001 4141 1292 4196 cenobium
1325 4140 1599 4214 virginum
1623 4159 1654 4198 a
1717 4160 1776 4199 se
1815 4155 2072 4204 constru-
2173 4150 2520 4222 etl.iutpaldi
2539 4151 2607 4206 ad
2655 4149 3007 4206 Ludoivicum
3030 4164 3212 4222 regem
3243 4165 3340 4222 spe
3362 4153 3644 4223 pactionis
3665 4154 3762 4210 ad-

486 4235 637 4286 ctum
693 4230 944 4298 secessit,
996 4231 1181 4303 ibique
1219 4229 1333 4287 Deo
1381 4233 1648 4302 serviens,
1685 4235 1840 4308 virgo
1883 4239 2069 4309 regina
2173 4243 2390 4307 ductus,
2423 4240 2680 4298 decollari
2703 4240 3013 4310 estjussus.

485 4322 808 4390 permansit.
843 4321 1146 4394 Imperator
1178 4332 1360 4378 autem
1389 4325 1460 4380 ab
1483 4327 1742 4384 omnibus
1775 4329 2068 4400 deseritur,
2103 4325 2148 4383 D
2241 4333 2366 4388 908.
2411 4329 2635 4404 Ungarii
2696 4330 2990 4387 Saxoniam
3041 4340 3098 4388 et
3116 4331 3486 4406 Thuringiam
3527 4341 3760 4392 vastant.

393 4429 402 4434 '
485 4422 541 4470 et
561 4412 842 4483 Arnolfus,
882 4413 1068 4472 fratris
1089 4415 1176 4471 sui
1199 4414 1556 4475 Karlemanni
1607 4419 1775 4490 (ilius,
1801 4439 1893 4478 rex
1913 4422 2072 4497 cligi-
2175 4423 2497 4495 Liutpaldus
2517 4423 2736 4480 occisus
2761 4433 2864 4479 est.

485 4511 597 4560 tur.
1371 4511 1374 4512 ⁷
1457 4567 1464 4574 ,
2245 4516 2370 4572 909.
2413 4514 2640 4586 Ungarii
2677 4514 3054 4573 Alemanniam
3084 4523 3324 4572 vastant.

556 4595 682 4652 888.
718 4595 956 4670 Karolus
1001 4595 1299 4669 imperator
1324 4601 1393 4633 ’³³
1413 4601 1526 4673 jam
1557 4602 1804 4674 privatus
1829 4605 1938 4663 Deo
1978 4605 2071 4663 de~
2238 4608 2369 4664 .910.
2413 4606 2639 4679 Ungarii
2669 4605 2914 4662 Francos
2939 4607 3256 4664 devincunt.

485 4695 609 4744 vote
633 4689 900 4756 serviens,
925 4697 986 4744 ut
1005 4691 1228 4761 quidam
1269 4693 1462 4748 dicunt
1483 4711 1512 4748 a
1535 4695 1652 4751 suis
1675 4700 2068 4770 strangulatus,
2243 4701 2367 4757 911.
2409 4699 2736 4756 Ludowicus
2755 4715 2850 4755 rex
2876 4700 3196 4757 adolescens
3221 4701 3494 4768 moritur,
3523 4711 3579 4757 et
3613 4701 3760 4757 Bati-

487 4779 622 4834 obiit
649 4779 776 4837 ldus
805 4779 1030 4837 Januar.
1061 4792 1116 4838 et
1133 4783 1330 4856 Augim
1360 4785 1638 4856 sepelitur.
2174 4809 2362 4866 sponse
2403 4793 2680 4866 sepelitur.
2733 4789 2865 4847 Post
2905 4807 3091 4863 quem,
3134 4793 3425 4850 deﬁciente
3459 4795 3673 4850 nostris
3709 4794 3758 4848 In

558 4871 682 4927 890.
723 4873 985 4930 Arnolqu
1029 4891 1127 4932 rex
1180 4893 1248 4932 ex
1285 4887 1438 4948 parte
1496 4881 1784 4950 apostolici
1822 4890 2066 4956 rogatur,
2173 4887 2421 4956 partibus
2454 4885 2604 4956 regio
2635 4883 3250 4950 st‘emate,'Gounradus
3299 4885 3448 4942 ﬁlius
3472 4885 3760 4941 Ghounra-

485 4971 547 5018 ut
575 4963 810 5019 Romam
835 4967 1078 5036 veniens,
1110 4967 1322 5024 Italiam
1355 4967 1462 5026 sibi
1491 4971 1558 5026 de
1591 4973 1839 5044 tyrannis
1881 4973 2070 5030 defen-
2170 4978 2250 5066 gi,
2281 4995 2378 5033 rex
2402 4979 2608 5036 electus
2629 4989 2682 5034 et
2712 4961 2931 5044 unctus,
2955 4977 3203 5050 regnavit
3233 4978 3396 5034 annis
3419 4977 3473 5033 7.
3500 4977 3762 5034 Bnrchar-

361 5089 376 5094 -
484 5058 599 5110 dat-
2175 5058 2278 5128 dus
2299 5071 2407 5126 dux
2453 5070 2786 5125 Alemanniaa
2805 5070 2859 5125 in
2883 5079 3154 5126 conventu
3181 5085 3286 5126 suo
3324 5069 3622 5126 occiditur.

723 5137 984 5232 Arnolfus
1009 5166 1102 5206 rex
1132 5149 1512 5210 Nordmannos
1544 5153 1611 5211 ad
1642 5157 2067 5214 internecionem
2151 5162 2198 5241 ί*
2250 5163 2374 5219 912.
2417 5160 2644 5233 Ungaril
2672 5179 2703 5218 a
2723 5161 2997 5241 Bajoariis
3037 5170 3094 5218 et
3143 5162 3466 5220 Alemannis
3491 5162 3652 5234 juxta
3673 5163 3762 5216 πυ-

485 5238 704 5297 ἀειενίῐο
963 5227 966 5232 ’
2151 5217 2167 5284 "-
2180 5271 2304 5310 men
2328 5254 2419 5309 Ine
2447 5217 3060 5310 occiduntur..Comeue
3084 5263 3216 5310 sunt
3255 5254 3405 5312 visae.
3456 5217 3758 5310 Rbudoifos

1793 5363 2032 5424 νΑωΑῖ
2070 5349 2486 5429 LECTIONES.

581 5450 622 5474 (Ι
665 5445 870 5474 ιιΑῙΑΑ-Αιη
895 5462 951 5474 Α..
1004 5459 1092 5474 ΔΑΛ
1117 5463 1232 5474 .n..--
1279 5453 1296 5474 Ι
1403 5456 1471 5474 III
1511 5455 1523 5469 ο
