3996 5474
163 382 291 440 ηεδ
1026 372 1313 428 APPEND.
1357 372 1440 429 III.
1482 401 1552 416 -η
1589 371 1762 430 ΜΟΝΙ

1877 371 2023 427 ἱΝΤΑ
2055 367 2519 429 GREGORIANA.
3260 376 3403 434 1554

159 510 248 550 rex
270 486 595 558 Burgundiae
616 485 788 553 obiit;
822 500 922 556 pro
964 502 1075 557 quo
1102 485 1408 543 Roudolfus
1434 484 1589 542 filius
1607 487 1728 557 ejus
1755 488 1802 545 Α
1898 486 2022 542 954.
2064 484 2399 541 Constantia:
2424 483 2788 539 Cliounradus
2836 499 3034 557 genere
3079 492 3135 541 et
3154 486 3266 543 vita
3294 490 3405 545 cla-

160 581 393 655 regnavit
413 579 574 634 annis
594 578 684 634 25.
716 577 905 633 Romae
936 577 1260 634 Anastasius
1279 576 1344 645 ll,
1375 592 1512 648 papa
1542 576 1727 642 l25'",
1830 592 1928 632 rus
1951 577 2152 646 praesul
2180 577 2485 642 ordinatus,
2512 575 2731 647 praefuit
2757 576 2916 632 annis
2943 576 3033 633 41.

159 674 292 732 sedit
343 669 503 725 annis
549 668 607 735 2,
656 684 832 726 mens.
879 670 935 723 2.
1001 668 1159 739 Apud
1219 667 1479 724 Sanctum
1514 666 1729 723 Gallum

1900 666 2025 723 955.
2068 664 2257 723 Romae
2285 666 2396 723 Leo
2434 666 2548 735 νη,
2573 682 2712 739 papa
2747 669 2913 724 129¹ιι
2935 709 2952 737 ,
2976 670 3118 726 sedit
3146 673 3310 730 annis
3340 673 3404 740 5,

154 763 417 822 Notkcrus
440 761 698 832 magister
730 761 923 819 doctus
946 761 1100 815 obiit.
1831 757 2113 814 mensibus
2139 758 2194 812 6.

227 855 350 911 915.
392 849 620 924 Ungarii
641 850 1020 908 Alemanniam
1044 859 1282 907 vastant.
1900 849 2025 905 956.
2066 848 2355 906 Heinricus
2370 866 2465 906 rex
2486 851 2640 918 obiit,
2664 859 2719 906 et
2741 852 2796 906 in
2821 851 3058 909 Saxonia
3084 856 3230 927 apud
3257 855 3409 912 Cbu-

221 946 343 1001 9H.
394 942 652 1000 Salomon
685 942 1125 1000 Constantiensis
1168 944 1460 1013 episcopus
1502 949 1588 997 est
1633 956 1729 996 ca-
1830 940 2122 1012 tilineburg
2146 943 2424 1012 sepelitur.
2455 941 2563 998 Pro
2586 957 2697 1014 quo
2717 941 2867 1012 Otto,
2895 945 3040 1002 filius
3068 946 3191 1019 ejus
3212 963 3408 1019 regna-

154 1048 298 1110 ptus.
1830 1033 1909 1088 vit
1937 1033 2098 1089 annis
2125 1032 2298 1089 ferme
2327 1034 2416 1088 58.

219 1129 344 1183 915.
386 1126 575 1183 Roma:
597 1125 786 1182 Laudo
827 1140 967 1198 papa
993 1125 1153 1180 124"
1182 1124 1321 1180 sedit
1359 1123 1641 1179 mensibus
1674 1123 1727 1179 5.
1902 1125 2026 1180 937.
2068 1123 2295 1196 Ungarii
2322 1124 2630 1193 Franciam,
2658 1124 3056 1197 Alemanniam,
3103 1128 3333 1186 Galliam
3353 1138 3409 1185 et

151 1221 280 1276 Post
315 1236 480 1290 quem
525 1216 638 1274 Leo
690 1217 780 1286 Vl,
824 1234 962 1289 papa
1000 1218 1187 1283 125υι,
1243 1216 1523 1271 mensibus
1563 1214 1734 1269 ferme
1831 1216 2204 1288 Burgundiam
2240 1226 2538 1285 vastantes,
2586 1219 2806 1275 tandem
2855 1235 2953 1291 per
2984 1220 3194 1279 Italiam
3233 1224 3409 1281 redie-

151 1311 397 1376 duobus;
432 1317 488 1365 et
517 1317 644 1379 post
658 1308 806 1363 hunc
834 1306 1075 1364 Joannes
1092 1305 1165 1373 Χ,
1190 1320 1330 1376 papa
1360 1304 1546 1372 126M,
1572 1304 1732 1395 annis
1831 1311 2041 1365 runt-in
2070 1309 2431 1365 Pannoniam.
2460 1309 2790 1367 Monasteria
2836 1314 3012 1369 sancti
3043 1313 3182 1370 Galli
3202 1324 3255 1371 et
3276 1331 3408 1371 san-

154 1404 238 1468 11,
279 1402 565 1457 mensibus
592 1401 647 1456 2.
1830 1402 1904 1457 cti
1924 1398 2190 1457 Bonifacii
2214 1412 2652 1457 concremantur.
2704 1402 3010 1460 Roudolfus
3034 1421 3132 1461 rex
3158 1406 3410 1479 Burgun-

217 1498 343 1555 9l6.
403 1497 633 1570 Ungarii
665 1504 835 1553 totam
880 1495 1261 1551 Alemanniam
1297 1495 1423 1566 igne
1462 1501 1517 1548 et
1554 1493 1733 1563 gladio
1831 1493 1935 1548 diae
1970 1486 2124 1559 oliiit,
2155 1508 2256 1563 pro
2303 1508 2414 1563 quo
2462 1491 2607 1549 filius
2634 1494 2755 1564 ejus
2785 1493 3152 1551 Chounradus
3179 1512 3409 1569 regnum

149 1599 386 1648 vastant.
414 1590 668 1662 Synodus
709 1605 896 1645 coram
941 1589 1112 1644 misso
1137 1587 1440 1658 apostolici,
1472 1586 1527 1641 id
1555 1586 1625 1618 ⁸³⁸
1650 1594 1734 1641 est
1832 1584 2092 1654 suscepit,
2120 1582 2383 1639 Arnolfus
2412 1584 2523 1638 dux
2573 1583 2838 1653 Bajoariaa
2857 1586 3013 1655 obiit,
3043 1587 3411 1659 ducatumque

147 1686 308 1741 Petro
338 1684 577 1741 Ostiensi
627 1685 905 1754 episcopo,
942 1684 1085 1754 apud
1147 1682 1383 1737 Altheim
1419 1690 1503 1736 est
1523 1681 1727 1736 habita.
1831 1676 1957 1746 ejus
1980 1675 2191 1746 accepit
2238 1674 2570 1730 Bertholfus.
2624 1674 2862 1747 Bajoarii
2889 1693 3016 1734 cum
3062 1679 3186 1737 aliis
3220 1680 3412 1736 multis

148 1777 214 1832 In
254 1778 323 1809 ⁸³³
356 1794 464 1849 qua
515 1777 716 1847 synodo
754 1776 986 1847 generali
1039 1776 1246 1830 decreto
1309 1775 1576 1828 sancitum
1628 1782 1728 1841 est,
1764 1820 1806 1876 Β
1831 1768 1947 1839 regi
1968 1764 2153 1821 Ottoni
2189 1766 2472 1821 rebellant.

148 1878 206 1923 ut
226 1870 546 1939 quicumque
608 1869 852 1939 deinceps
917 1869 1149 1922 bannum
1194 1868 1259 1921 ab
1325 1867 1582 1939 episcopis
1627 1868 1732 1921 im—
1764 1855 1806 1876 ”
1899 1857 2025 1913 958.
2065 1855 2193 1913 Otto
2216 1872 2313 1913 rex
2340 1866 2534 1914 contra
2584 1858 2870 1931 Bajoarios
2923 1860 3264 1931 procinctum
3291 1876 3414 1919 mo-

145 1963 377 2030 posilum
431 1966 793 2031 corrupisset,
852 1976 945 2031 per
990 1960 1257 2031 jejunium
1304 1958 1375 2015 ι10
1421 1960 1628 2014 dierum
1674 1960 1732 2013 in

1877 1951 1928 2017 it,
1952 1964 2198 2020 peneque
2230 1965 2422 2006 omnes
2444 1951 2549 2006 sibi
2596 1952 2927 2023 subjugavit.
2981 1952 3169 2009 Roma
3192 1950 3416 2024 Stepha-

143 2070 278 2122 pane
349 2060 565 2106 tantum
621 2060 672 2106 et
711 2069 851 2122 aqua
896 2059 948 2107 et
969 2051 1101 2117 sale,
1161 2051 1497 2104 commissum
1544 2049 1729 2105 lueret.
1832 2057 1938 2097 nus
1966 2039 2101 2108 V111,
2134 2057 2273 2113 papa
2296 2041 2483 2108 1500',
2526 2042 2664 2098 sedit
2691 2044 2851 2099 annis
2880 2044 2934 2111 5,
2965 2045 3249 2101 mensibus
3276 2059 3414 2116 qua-

145 2145 299 2219 Apud
350 2143 620 2200 Sanctum
650 2143 865 2199 Gallum
890 2144 1049 2199 beata
1084 2142 1238 2215 virgo
1289 2141 1607 2198 Wilborada
1638 2157 1731 2197 ar-
1834 2141 1980 2200 ιυοτο

144 2235 251 2289 tius
284 2241 371 2290 est
404 2234 640 2288 inclusa.
1903 2226 2029 2283 959.
2070 2223 2197 2283 Otto
2226 2243 2322 2285 rex
2352 2243 2545 2284 omnes
2578 2228 2683 2284 sibi
2708 2228 2939 2287 rebelles
2978 2239 3164 2301 preter
3204 2228 3413 2287 Meten-

213 2324 340 2379 9l7.
386 2324 476 2379 Ab
515 2322 771 2395 Ungariis
808 2323 1021 2379 Basilea
1060 2322 1379 2379 destruitur.
1427 2320 1735 2393 Erchanger
1834 2333 1951 2375 sem
1977 2319 2300 2390 episcOpum
2323 2320 2653 2391 subjugavit.

140 2415 250 2469 dux
279 2425 338 2470 et
366 2415 541 2470 frater
563 2415 683 2486 ejus
702 2415 1060 2471 decollantur.
1906 2408 2030 2465 940.
2070 2407 2198 2465 Otto
2224 2426 2320 2466 rex
2367 2410 2572 2467 Gallias
2597 2419 2790 2467 contra
2843 2412 3200 2468 Ludowicum
3233 2429 3414 2485 regem

211 2505 338 2561 918.
387 2504 745 2561 Burchardus
769 2505 878 2560 dux
900 2505 1235 2560 Alemannite
1271 2504 1622 2570 constitutus,
1649 2509 1734 2573 ty—
1834 2501 2007 2570 petiit.
2040 2499 2227 2558 Hiems
2264 2517 2389 2557 seva
2417 2510 2471 2558 et
2493 2504 2798 2559 mortalitas
2820 2505 3161 2560 animalium.

141 2595 437 2651 rannidem
486 2596 705 2650 invasit.
739 2594 1063 2651 Counradus
1094 2611 1189 2650 rex
1223 2594 1376 2649 obiit.
1906 2592 2032 2647 942.
2070 2591 2198 2649 Otto
2223 2602 2278 2649 et
2323 2592 2655 2650 Ludowicus
2701 2611 2856 2666 reges
2903 2596 3278 2665 pacificantur.
3310 2595 3421 2650 Ro-

210 2687 340 2742 919.
385 2684 688 2743 Heinricus
713 2702 917 2754 comes,
946 2687 1164 2743 natione
1208 2683 1375 2752 Saxo,
1417 2685 1477 2741 in
1506 2700 1738 2758 regnum
1834 2699 1942 2739 ma:
1963 2682 2210 2739 Marinus
2231 2681 2297 2752 ll,
2323 2700 2463 2755 papa
2497 2686 2682 2752 131“,
2708 2687 2848 2742 sedit
2876 2687 3039 2742 annis
3073 2687 3128 2753 3,
3156 2702 3332 2742 mens.
3362 2687 3417 2741 6.

136 2777 388 2844 electus,
444 2778 569 2833 sine
613 2778 783 2849 regali
845 2777 1107 2832 unctione
1148 2776 1398 2849 regnavit
1436 2776 1598 2832 annis
1646 2775 1733 2830 18.
1907 2775 2032 2831 945.
2060 2774 2283 2848 Ungarii
2312 2776 2930 2847 Bajoariosinvadentcs
2960 2778 3277 2833 vincuntur.

139 2867 512 2926 Burchardus
572 2870 684 2925 dux
742 2868 1078 2925 Alemannis:
1150 2865 1482 2924 Roudolfum
1556 2879 1740 2939 regem
1910 2867 2034 2924 9M.
2078 2866 2445 2924 Terrazmotus
2492 2867 2671 2923 factus
2703 2876 2806 2934 est,
2836 2867 2903 2923 l6
2958 2866 3230 2924 Kalendas
3268 2867 3416 2924 Maii.

137 2962 491 3035 Burgundia:
518 2963 667 3017 vicit.
1908 2959 2033 3015 945.
2072 2959 2259 3016 Romae
2283 2960 2547 3033 Agapitus
2586 2960 2650 3027 Il,
2676 2975 2814 3031 papa
2839 2960 3024 3027 152‘",
3075 2960 3215 3016 sedit
3263 2960 3425 3016 annis

208 3056 340 3112 920.
386 3055 635 3111 Karolus
674 3068 767 3110 rex
792 3052 1100 3121 ﬁGalliarum
1150 3053 1206 3109 in
1238 3052 1527 3108 Franciam
1570 3051 1737 3107 venit.
1840 3050 2013 3107 ferme
2037 3050 2123 3106 10.
2161 3049 2289 3108 Otto
2316 3065 2414 3108 rex
2439 3051 2673 3108 Galliam
2707 3051 3029 3122 ingreditur.

135 3149 301 3221 Apud
361 3149 437 3181 ’⁸ο
483 3146 744 3203 Sanctum
770 3146 986 3203 Gallum
1014 3144 1294 3202 Racbildis
1328 3145 1482 3217 virgo
1526 3142 1737 3201 inclusa
1765 3154 1808 3213 ο
1912 3142 2035 3198 946.
2077 3143 2234 3212 Apud
2270 3141 2771 3205 SanctumGallum
2824 3141 3103 3199 Rachildis
3149 3144 3305 3217 virgo
3335 3142 3423 3200 in-

133 3248 242 3295 est.
1843 3236 1997 3291 clusa
2019 3235 2274 3307 migravit
2301 3236 2366 3292 ad
2399 3235 2712 3291 Dominum.

209 3332 346 3387 925.
397 3330 644 3401 Sanguis
679 3329 896 3385 Domini
932 3330 986 3383 in
1013 3328 1242 3400 Augiam
1270 3328 1504 3385 insulam
1549 3342 1740 3399 aqua-
1912 3329 2037 3385 947.
2079 3328 2391 3386 Berbtolfus
2433 3330 2542 3386 dux
2599 3329 2866 3400 Bajoaria:
2894 3329 3051 3395 obiit,
3092 3329 3183 3384 cui
3237 3328 3432 3386 Henri-

132 3423 266 3477 dam
321 3433 592 3479 matrona
620 3422 880 3488 defertur,
915 3421 1073 3477 sicuti
1102 3421 1275 3477 literis
1329 3422 1461 3476 inibi
1512 3417 1744 3474 manife—
1843 3438 1962 3490 cus,
1991 3421 2159 3478 frater
2186 3422 2402 3479 Ottonis
2428 3424 2591 3495 regis,
2624 3423 2681 3477 in
2701 3422 2959 3478 ducatum
2997 3423 3282 3478 successit.

135 3524 346 3570 statur.
1915 3514 2040 3571 948.
2082 3513 2451 3573 Herimanuus
2503 3516 2613 3571 dux
2674 3514 3014 3570 Alemanniae
3071 3514 3229 3581 obiit,
3277 3515 3436 3585 cujus

201 3607 339 3663 924.
412 3605 661 3661 Sanctus
712 3591 1059 3672 Oudalricus,
1123 3606 1382 3678 Augusta:
1454 3603 1746 3659 Vindelicae
1845 3609 2103 3663 ducatum
2140 3607 2436 3675 Liutolfus,
2462 3605 2677 3663 Ottonis
2707 3606 2854 3678 regis
2881 3606 3048 3673 filius,
3080 3607 3309 3677 accepit.
3334 3606 3437 3679 Sy-

130 3699 478 3771 episcopus,
497 3696 718 3768 praefuit
744 3699 903 3754 annis
925 3699 1013 3754 50.
1846 3703 2025 3757 nodus
2047 3717 2243 3774 magna
2259 3702 2643 3773 episcoporum
2664 3716 2853 3758 coram
2882 3699 3081 3759 Ottone
3103 3710 3159 3759 et
3181 3700 3440 3758 Ludowi-

203 3789 341 3843 925.
391 3785 666 3858 Ungariis
707 3787 833 3842 item
874 3786 1253 3842 Alemanniam
1311 3786 1655 3842 vastantibus
1694 3794 1751 3841 et
1848 3809 1915 3849 co
1945 3795 2166 3865 regibus
2191 3796 2335 3865 apud
2355 3794 2725 3866 lngelenheim
2769 3792 2935 3850 facta.

125 3880 198 3935 ad
232 3880 562 3941 cenobium
604 3879 780 3935 sancti
824 3879 965 3935 Galli
1012 3878 1377 3944 venientibus,
1427 3876 1748 3932 Wilborada

1919 3885 2045 3939 919.
2087 3885 2347 3940 Lothario
2366 3900 2494 3957 rege
2514 3884 2685 3942 Italiae
2707 3894 2946 3950 mortuo,
2975 3885 3327 3958 Beringarius
3350 3900 3443 3940 re-

126 3972 296 4044 νίτεο
325 3972 586 4037 indu“:
613 3986 645 4025 ³
685 3971 921 4041 (ιιιοίιδω
944 3986 1138 4027 eorum
1160 3977 1458 4039 Perenlpla:
1500 3966 1752 4022 ωθνῐίῐὶο
1851 3990 2019 4047 gnum
2066 3974 2187 4043 ejus
2246 3976 2479 4042 invasit,
2529 3972 2862 4046 viduamque
2903 3976 3026 4047 ejus
3065 3976 3441 4041 Adelheidem,

122 4072 495 4130 coronatur;
558 4060 980 4132 Rachildisque,
1018 4060 1341 4117 contectalis
1398 4059 1540 4130 ejus,
1598 4058 1753 4116 illesa
1852 4062 2105 4118 Boudolli
2134 4062 2281 4134 regis
2308 4063 2640 4135 Burgundiae
2660 4064 2851 4132 ﬁliam,
2883 4064 3074 4122 multis
3099 4064 3322 4137 injuriis
3355 4062 3442 4122 af—

123 4154 420 4212 divinitus
449 4161 782 4209 conservata
796 4161 898 4209 est.
1853 4154 2010 4211 ﬂixit.

197 4247 367 4342 926;
390 4244 1229 4342 ΡηξπίίνὲειειθηΑὲεωθυιξίεν
1263 4242 1756 4342 W191???”-
1925 4267 2050 4324 950.
2092 4266 2220 4324 Otto
2247 4283 2344 4324 rex
2388 4266 2597 4323 italiam
2641 4268 2796 4339 petit,
2848 4269 3064 4340 sibique
3094 4284 3217 4325 eam
3253 4270 3444 4342 subje-

122 4335 303 4401 Ciam’
336 4332 824 4431 élsatéamﬂtqiw
851 4330 1080 4431 Galli???
1134 4330 1259 4401 igne
1289 4337 1344 4383 et
1372 4329 1552 4431 sui“)
1579 4328 1757 4431 ,δέκ’
1858 4360 1951 4425 cit,
1981 4368 2036 4415 et
2056 4360 2215 4431 pulso
2236 4359 2575 4431 Beringario,
2613 4328 2876 4416 domnam
2926 4328 3281 4418 Adelheidem
3310 4328 3447 4418 libe-
3566 4359 3575 4367 ’

120 4430 314 4483 viunt.
344 4425 726 4481 Burchardus
748 4425 859 4480 dux
886 4424 1177 4489 occiditur,
1202 4437 1302 4493 pro
1326 4437 1438 4492 quo
1465 4414 1755 4478 Heriman-
1799 4505 1817 4506 ἡ
1858 4414 2018 4506 τεὼ.

121 4535 238 4576 nus
262 4516 642 4575 Alemannia:
670 4515 780 4570 dux
804 4514 1053 4570 edicitur.

196 4610 339 4665 927.
389 4606 640 4678 Heriger
679 4604 1142 4683 Mogonciacensis
1190 4602 1255 4636 '“
1315 4603 1760 4675 archiepiscopus

119 4701 294 4769 obiit,
330 4714 449 4773 pro
485 4713 610 4768 quo
633 4696 983 4753 Hildibertus.

196 4795 342 4851 929.
394 4792 610 4846 Romae
633 4789 939 4859 Stephanus
973 4786 1080 4855 VII,
1110 4802 1248 4860 papa
1277 4786 1463 4856 127‘",
1488 4774 1639 4843 sedit
1661 4803 1761 4844 an-

123 4889 220 4945 nis
254 4888 319 4953 2,
347 4896 574 4941 mense
598 4895 729 4936 uno.

199 4977 341 5036 9'50.
392 4971 707 5030 Hcinricus
737 4987 831 5027 rex
854 4970 1127 5027 Boemiam
1148 4970 1300 5041 petit.

202 5073 345 5128 951.
396 5068 611 5123 Roma:
637 5062 871 5121 Joannes
895 5063 987 5130 XI,
1025 5078 1159 5133 papa
1190 5062 1376 5128 128'",
1437 5060 1577 5120 sedit
1604 5065 1766 5122 annis

164 5172 394 5190 ..-ουκ-ι
455 5154 756 5190 ιΙιιῖηιοίηιιο
794 5173 885 5190 πων
917 5169 1068 5190 νυοί-ηδε
1101 5150 1487 5190 Δίιηιιγιίηηιηηη
1518 5164 1567 5190 nt
1587 5153 1762 5190 Nam...

1943 5132 2069 5190 952.
2106 5131 2233 5188 Otto
2261 5147 2358 5187 rex
2383 5146 2513 5189 cum
2549 5136 2664 5190 ﬁlio
2693 5148 2798 5190 suo
2834 5130 3076 5190 Liutolfo
3127 5129 3338 5188 italiam
3377 5145 3467 5186 tn-

1933 4563 2059 4618 951.
2099 4563 2352 4636 Synodus
2373 4563 2446 4619 25
2485 4564 2870 4637 episcoporum
2910 4581 3254 4637 magnusque
3278 4566 3450 4624 totius

1862 4655 2018 4726 regni
2067 4664 2369 4713 conventus
2427 4657 2572 4726 apud
2604 4656 2906 4728 Augustam
2960 4655 3300 4714 Vindelicam
3347 4671 3444 4713 co-

1862 4745 2153 4802 adunatur.
2176 4745 2366 4817 ibique
2386 4744 2741 4821 Beringarius
2761 4747 2946 4804 Ottoni
2981 4748 3095 4820 regi
3134 4748 3203 4803 ad
3224 4746 3456 4803 deditio-

1864 4852 1989 4893 nem
2039 4838 2207 4893 venit.
2260 4836 2466 4910 lgnitus
2517 4839 2679 4912 lapis,
2737 4837 2895 4913 quasi
2946 4854 3133 4896 massa
3174 4838 3458 4896 candentis

1868 4927 2018 4997 ferri,
2050 4930 2118 4988 ab
2142 4929 2419 4986 occidente
2443 4946 2541 5001 per
2571 4946 2699 4989 aera
2726 4931 2896 4998 venit,
2926 4939 2981 4985 et
3008 4931 3175 4987 draco
3194 4929 3346 4986 visus
3375 4939 3461 4986 est

1874 5020 2182 5077 ambulans.
