3996 5474
579 420 608 486 t
624 428 732 488 ass

1615 401 1706 472 Ali
1743 392 1970 474 orem
2008 417 2064 472 s.
2103 409 2430 473 casco-nn
2466 409 2907 471 APPENDICES.

3721 410 3840 472 1356

657 540 784 598 954.
827 535 1049 611 Ungarii
1099 534 1226 591 item
1249 533 1477 606 egressi,
1502 531 1791 588 Franciam
1817 575 1831 601 ,
1858 531 2165 602 Bajoariam
2196 533 2242 590 Α
2337 531 2463 586 972.
2505 529 2726 602 Synodo
2745 531 2889 601 apud
2919 522 3281 602 Ingelenheim
3311 528 3382 585 ab
3425 529 3704 600 episcopis
3745 531 3844 585 col-

587 631 909 702 Italiamque
936 631 1241 685 devastant.

663 724 788 780 955.
831 721 1054 794 Ungarii
1076 727 1244 775 totam
1272 717 1582 788 Bajoariam
1610 715 2025 786 depopulantes,
2049 713 2168 784 jux-

588 825 643 871 ta
674 815 994 884 Augustam,
1028 809 1361 866 Alemannia:
1410 810 1624 875 urbem,
1673 807 1784 862 Deo
1826 807 2053 876 juvante
2099 805 2168 860 ab

586 905 782 961 Ottone
802 919 927 974 rege
951 918 1132 973 pugna
1159 901 1308 966 victi,
1334 901 1602 955 immensa
1647 899 1777 954 cede
1799 905 2082 964 necantur,
2111 897 2164 950 4.

587 997 714 1054 ldus
758 994 1012 1068 Augusti.
1055 993 1130 1048 Ex
1200 993 1404 1047 nostris
1445 992 1610 1046 etiam
1657 988 2022 1044 Chounradus
2060 987 2168 1042 dux

588 1088 870 1159 cumaliis
920 1085 1108 1141 multis
1129 1083 1405 1139 occubuit.
1439 1081 1664 1155 Ungarii
1697 1081 1861 1136 etiam
1909 1079 2001 1151 qui
2039 1087 2171 1133 tunc

587 1181 824 1252 effugere
864 1185 1136 1250 poterant,
1181 1191 1278 1246 per
1323 1183 1492 1229 totam
1540 1172 1847 1242 Bajoariam
1917 1170 2169 1225 trucidati

589 1280 735 1329 sunt.
765 1269 940 1342 Reges
954 1283 1144 1323 eorum
1169 1265 1480 1336 Ratisponae
1524 1264 1580 1317 in
1627 1263 1885 1333 patibulis
1921 1261 2172 1332 suspensi

589 1371 739 1418 sunt.
773 1360 962 1416 Romae
985 1357 1264 1413 Iohannes
1291 1355 1408 1422 XII,
1445 1355 1539 1425 qui
1570 1361 1625 1408 et
1654 1351 2004 1418 Octavianus,
2033 1367 2174 1422 papa

591 1454 778 1519 155“,
810 1451 951 1508 sedit
977 1466 1108 1504 ann.
1139 1449 1194 1513 8,
1227 1463 1446 1503 menses
1471 1455 1739 1516 quatuor;
1799 1443 1893 1514 qui
1931 1444 2069 1498 tanti
2091 1457 2176 1496 or-

586 1545 754 1611 dinis,
777 1559 878 1616 pro
899 1544 1087 1600 dolor!
1131 1541 1355 1601 oblitus,
1401 1539 1632 1594 vanitati
1661 1545 1716 1593 et
1744 1537 2028 1608 spurcicite
2075 1535 2176 1590 fuit

591 1635 828 1690 deditus.

663 1725 789 1782 956.
827 1723 1080 1779 Lutolfus
1135 1724 1245 1778 dux
1293 1721 1504 1778 Italiam
1549 1720 1822 1776 hostiliter
1853 1720 2082 1787 invadit,
2124 1728 2178 1775 et

591 1814 971 1888 Beringarium
999 1830 1124 1868 cum
1163 1815 1272 1868 filio
1293 1814 1414 1884 ejus
1439 1812 1668 1884 fugavit.

661 1906 789 1962 957.
829 1904 1078 1960 Lutolfus
1101 1905 1211 1960 dux
1232 1904 1590 1974 Adalpertum
1619 1902 1763 1957 bello
1794 1902 1942 1967 vicit,
1974 1910 2028 1956 et
2059 1901 2173 1971 ipse

589 1998 783 2053 eodem
811 2013 956 2053 anno
972 1997 1128 2063 obiit,
1154 2003 1208 2051 et
1241 1979 1594 2052 Burchardus
1617 1995 1877 2049 ducatum
1915 1987 2034 2064 ejus
2082 2008 2175 2048 ac-

592 2091 752 2161 cepit.
1092 2157 1099 2163 _

664 2181 790 2237 958.
831 2179 1038 2236 Cruces
1072 2181 1127 2235 in
1158 2180 1402 2236 vestibus
1447 2179 1777 2250 quibusdam
1820 2184 2172 2248 aparuerunt.

663 2273 788 2328 96l.
830 2271 956 2328 Otto
985 2288 1081 2328 rex
1103 2274 1272 2326 filium
1303 2288 1464 2327 suum
1490 2270 1745 2325 Ottonem
1772 2285 1838 2325 ex
1887 2268 2178 2324 Adelheide

591 2365 780 2437 regina
804 2380 985 2435 regem
1009 2363 1134 2435 eligi
1160 2363 1308 2429 fecit,
1349 2372 1406 2418 et
1443 2363 1558 2433 ipse
1605 2361 1818 2416 Italiam
1865 2376 1990 2416 cum
2019 2375 2177 2416 exer—

595 2457 707 2512 citu
732 2457 886 2526 petit.
919 2454 1147 2526 Signum
1171 2455 1225 2508 in
1261 2454 1376 2509 sole
1399 2453 1670 2523 apparuit.

672 2547 796 2604 962.
831 2546 958 2602 Otto
981 2563 1074 2602 rex
1101 2545 1333 2600 Romam
1360 2546 1604 2610 veniens,
1637 2561 1666 2599 a
1689 2543 1936 2599 Iohanne
1958 2560 2052 2600 seu
2077 2543 2182 2600 Oe-

595 2639 816 2696 taviano
845 2655 984 2710 papa
1018 2639 1315 2708 imperator
1369 2643 1686 2702 coronatur,
1734 2637 1958 2706 ipseque
1987 2651 2182 2706 papam

597 2748 698 2803 pro
721 2731 1021 2788 sceleribus
1079 2730 1196 2787 suis
1251 2745 1510 2802 arguens,
1561 2731 1786 2784 minime
1829 2739 1955 2786 cum
2009 2730 2185 2802 potuit

598 2825 892 2898 corrigere.

669 2915 793 2972 965.
817 2914 1116 2987 Imperator
1141 2913 1380 2971 natalem
1425 2914 1639 2970 Domini
1685 2913 1866 2986 Papia:
1918 2925 2182 2980 moratus,

604 3017 795 3064 terum
831 3007 1062 3063 Romam
1089 3008 1258 3074 venit,
1291 3024 1392 3079 pro
1423 3009 1720 3064 sceleribus
1743 3009 2006 3064 Johannis
2036 3025 2188 3079 papae

603 3099 983 3170 dijudicandis.
1041 3097 1136 3154 Set
1176 3099 1366 3154 eodem
1409 3097 1656 3154 Iohanne
1704 3100 2085 3169 imperatorem
2129 3099 2186 3152 in

2268 622 2426 688 lecta,
2449 622 2642 678 beatus
2663 620 2986 678 Oudalricus
3009 621 3299 692 episeopus
3317 631 3371 677 et
3390 621 3668 676 Adalbcro
3681 631 3846 676 trans-

2269 713 2564 784 gressionis
2595 729 2866 769 canonum
2895 722 3249 780 accusantur;
3273 723 3354 769 set
3381 729 3584 768 caussa
3603 729 3705 768 sua
3718 713 3846 767 dicta

2269 813 2323 859 et
2361 813 2640 872 excusata,
2689 805 2924 861 absoluti
2969 806 3358 861 discesserunt.
3402 804 3595 859 Romae
3634 803 3824 858 Benedi

2270 905 2392 950 ctus
2426 895 2516 964 VI,
2543 912 2682 966 papa
2705 897 2889 963 157“,
2923 897 3062 961 sedit
3085 914 3212 952 ann.
3241 899 3292 962 I,
3317 913 3495 952 mens.
3523 894 3612 951 10.

2341 987 2464 1042 975.
2524 987 2794 1043 Adalbero
2849 989 3102 1055 clericus,
3163 987 3380 1044 futurus
3427 997 3490 1043 ut
3536 987 3848 1057 sperabatur

2270 1079 2560 1148 episcopus
2585 1079 2737 1134 obiit.
2783 1077 2909 1134 Otto
2934 1079 3234 1150 imperator
3281 1078 3451 1134 Nonis
3498 1077 3631 1133 Maii
3679 1078 3848 1132 subito

2274 1180 2542 1236 mortuus,
2573 1171 2715 1240 apud
2763 1171 3308 1247 Partlienopolim,_id
3351 1181 3436 1226 est
3469 1169 3846 1242 Magcdeburg,

2275 1262 2367 1316 ubi
2395 1262 2511 1333 ipse
2535 1261 3026 1334 archiepiscopium
3055 1262 3125 1295 ³⁸⁸
3146 1261 3370 1333 fecerat,
3403 1263 3658 1332 sepultus
3691 1269 3852 1326 est,et

2273 1353 2420 1408 filius
2440 1353 2558 1424 ejus
2585 1351 2711 1408 Otto
2729 1353 2976 1424 regnavit
2998 1368 3098 1424 pio
3131 1369 3216 1408 eo.
3258 1352 3494 1409 Sanctus
3535 1351 3852 1408 Oudalricus

2275 1447 2636 1518 Augustensis
2662 1446 2950 1517 episcopus
2977 1446 3231 1516 migravit
3255 1447 3322 1500 ad
3367 1445 3690 1512 Dominum,
3720 1460 3856 1498 anno

2276 1541 2452 1596 aetatis
2495 1541 2606 1607 85“,
2663 1541 3010 1612 episcopatus
3040 1541 3152 1607 50°,
3195 1551 3393 1612 quarto
3436 1541 3629 1596 Nonas
3669 1541 3850 1596 Iulias.

2277 1632 2625 1689 Burchardus
2653 1633 2764 1687 dux
2792 1632 3125 1687 Alemanniae
3146 1633 3300 1699 obiit,
3323 1631 3537 1700 etOtto,
3567 1633 3717 1687 filius
3737 1631 3854 1686 Liu-

2278 1725 2414 1789 tolfi,
2442 1732 2726 1794 paternum
2758 1738 2858 1794 pro
2885 1738 2952 1778 eo
2977 1723 3236 1779 ducatum
3268 1723 3492 1794 recepit.

2351 1817 2474 1873 974.
2520 1815 2706 1870 Romae
2741 1814 3064 1870 Benedictus
3093 1831 3229 1886 papa
3252 1831 3284 1870 a
3307 1815 3578 1888 Romanis
3607 1815 3854 1870 crimina-

2277 1917 2366 1964 tus
2397 1908 2784 1980 strangulatur,
2807 1915 2861 1962 et
2887 1922 2954 1962 eo
2975 1907 3188 1962 vivente
3213 1906 3532 1962 Bonifacius
3549 1923 3690 1976 papa
3715 1907 3852 1960 ordi-

2277 2012 2468 2067 natur;
2506 2010 2589 2056 set
2618 2007 2742 2070 post
2768 2015 2940 2053 unum
2965 2014 3208 2054 mensem
3234 1999 3520 2068 expulsus,
3544 1997 3854 2052 Constanti—

2254 2093 2516 2164 'nopolim
2554 2091 2798 2162 petit;'et
2826 2090 3152 2146 Benedictus
3188 2089 3300 2156 VII,
3325 2089 3528 2144 Sutriae
3569 2089 3725 2158 prius
3747 2089 3850 2158 epi-

2279 2199 2470 2254 copus,
2487 2198 2623 2253 papa
2645 2182 2825 2248 L38“,
2851 2181 2992 2236 sedit
3013 2181 3172 2235 annis
3203 2181 3256 2236 9.
3280 2179 3624 2236 Constantiae
3643 2180 3856 2234 Choun-

2279 2276 2444 2330 radus
2471 2282 2676 2330 sanctae
2728 2273 3009 2328 memoria:
3042 2273 3354 2343 episcopus,
3396 2271 3431 2326 6
3483 2271 3602 2325 Kal.
3645 2271 3858 2326 Decem-

2279 2367 2394 2422 bris
2417 2367 2519 2421 hac
2537 2366 2647 2420 vita
2681 2365 2934 2431 decessit,
2964 2365 3051 2419 cui
3087 2363 3423 2419 Ganenolfus
3470 2363 3541 2396 ²“
3577 2363 3856 2419 successit.

2352 2458 2474 2513 976.
2517 2457 2797 2516 Dissensio
2819 2457 2958 2511 inter
2981 2453 3231 2510 Ottonem
3255 2471 3438 2527 regem
3463 2464 3520 2511 et
3551 2454 3860 2511 ﬂeinriculn

2282 2550 2474 2604 ducem
2502 2548 2764 2619 Bajoariae
2789 2556 3062 2603 commota
3089 2556 3190 2602 est.

2354 2641 2478 2696 977.
2523 2639 2800 2697 Discordia
2824 2641 2966 2694 inter
3013 2638 3262 2695 Ottonem
3308 2640 3505 2695 durem
3554 2640 3768 2696 Suevia’
3811 2649 3860 2696 et

2285 2733 2601 2788 Heinricum
2627 2733 2820 2789 ducem
2847 2731 3112 2802 Bajoaria:
3137 2731 3229 2785 '“.

2356 2825 2481 2880 978.
2523 2822 2649 2880 Otto
2672 2839 2764 2880 rex
2787 2834 2977 2880 contra
3007 2823 3328 2879 Lotharium
3367 2839 3554 2894 regem
3587 2823 3644 2877 in
3671 2824 3862 2880 Gallias

2287 2919 2442 2973 duxit
2467 2917 2788 2972 exercitum.

2359 3007 2483 3062 979.
2524 3007 2856 3063 Constantina
2885 3005 3237 3064 Gamenolfus
3275 3006 3573 3076 episcOpus
3611 3007 3763 3071 obiit,
3801 3007 3868 3060 ei-

2289 3116 2395 3172 que
2421 3099 2773 3156 Gebehardus
2793 3099 2992 3154 nobilis
3021 3099 3220 3170 praesul
3253 3098 3580 3162 succedens.
3620 3097 3684 3152 I6
3717 3097 3868 3152 anuis

599 3189 956 3262 Campaniam
977 3190 1238 3262 fugiente,
1281 3190 1337 3245 in
1381 3191 1499 3261 ejus
1535 3192 1716 3246 locum
1755 3208 1785 3246 a
1827 3189 2090 3247 Romanis
2134 3199 2188 3245 et
2214 3215 2256 3270 ο
2289 3191 2430 3246 rexit
2459 3190 2780 3256 ecclesiam;
2821 3189 2917 3259 qui
2956 3190 3241 3245 basilicam
3290 3190 3466 3244 sancti
3523 3189 3770 3260 Gregorii
3819 3189 3867 3241 in

599 3282 930 3351 imperatore
954 3280 1040 3336 vir
1067 3281 1392 3336 venerabilis
1419 3281 1528 3335 Leo
1554 3279 1668 3334 VIII
1717 3296 1855 3350 papa
1897 3281 2057 3334 I34"ll
2091 3295 2185 3336 or-

602 3373 822 3429 dinatus
848 3381 948 3430 est.

673 3465 799 3520 964.
840 3464 1074 3520 Romani
1111 3464 1348 3520 Leonem
1369 3479 1566 3536 papam
1601 3466 1898 3536 expellunt,
1943 3475 2191 3521 mortuo-

604 3571 717 3626 quo
749 3555 996 3610 Iohanne
1024 3571 1162 3625 papa
1191 3555 1392 3626 priore,
1408 3557 1732 3613 Benedictus
1747 3559 2012 3613 diaconus
2033 3575 2064 3612 a
2083 3558 2191 3613 Ro-

605 3646 807 3714 manis,
829 3647 1046 3701 nolente
1074 3647 1422 3716 imperatore,
1463 3647 1765 3713 ordinatur,
1825 3648 1909 3702 sui
1954 3647 2190 3702 nominis

607 3737 856 3807 quintus,
880 3751 1020 3806 papa
1041 3737 1226 3804 135'",
1253 3746 1309 3792 et
1333 3738 1472 3793 sedit
1503 3753 1678 3792 mens.
1714 3738 1768 3793 2.
1809 3737 1876 3793 Et
1900 3739 2094 3795 civitas
2124 3740 2193 3794 ab

611 3827 940 3900 imperatore
959 3829 1181 3884 obsessa
1227 3837 1311 3884 est
1353 3838 1406 3884 et
1440 3837 1588 3884 tanta
1629 3828 1772 3884 fame
1806 3845 2087 3900 oppressa,
2133 3840 2194 3887 ut

564 3951 568 3956 ~
609 3920 828 3976 modius
863 3919 1090 3976 furfuris
1113 3920 1182 3974 50
1209 3921 1420 3976 veniret
1443 3921 1698 3977 denariis.
1735 3921 1846 3976 Nec
1878 3923 2048 3978 multo
2070 3932 2196 3994 post

609 4012 790 4068 dedita
814 4013 946 4068 urbe
979 4013 1283 4083 traditoque
1307 4012 1614 4078 Benedicto,
1647 4013 1940 4084 imperator
1955 4014 2194 4070 Leonem

609 4117 805 4174 papam
832 4104 1088 4170 restituit,
1111 4112 1166 4160 et
1193 4103 1468 4160 Romanos
1483 4105 1532 4160 ei
1550 4105 1707 4160 fidem
1735 4121 1831 4175 per
1852 4116 2196 4162 sacramenta

613 4197 931 4264 promittere
955 4197 1150 4266 coegit.

683 4287 808 4342 965.
847 4287 1144 4358 Imperator
1167 4288 1235 4343 de
1263 4287 1413 4345 Italia
1449 4289 1607 4353 redit,
1633 4297 1686 4344 et
1716 4289 2066 4346 Burchardus
2086 4291 2197 4346 dux

616 4377 918 4435 Suevorum
946 4380 1002 4434 in
1033 4379 1182 4436 Italia
1217 4381 1445 4436 rebelles
1478 4381 1789 4451 imperatori
1824 4382 1974 4438 vicit.

686 4469 810 4524 966.
865 4469 1053 4524 Romae
1093 4469 1348 4526 defuncto
1417 4470 1620 4538 Leone,
1665 4471 1944 4528 Iohannes
1997 4471 2195 4540 XIII“,

2288 3283 2407 3352 ripa
2443 3280 2618 3336 Rheni
2640 3281 3020 3351 abbatiamque
3054 3282 3171 3336 suis
3193 3295 3259 3335 ex
3289 3281 3514 3352 praediis
3547 3281 3866 3337 construxit.

2359 3371 2483 3427 98L
2530 3369 2657 3427 Otto
2691 3387 2808 3438 rex,
2847 3381 3131 3442 peragrata
3173 3370 3346 3438 Italia,
3394 3370 3715 3427 Calabriam
3752 3387 3869 3428 cum

2289 3463 2532 3518 exercitu
2570 3462 2889 3532 ingreditur;

2361 3553 2485 3610 982.
2515 3552 2640 3609 Otto
2671 3570 2763 3610 rex
2788 3555 2930 3625 apud
2955 3554 3284 3622 Calabriam,
3318 3555 3511 3610 occiso
3558 3571 3593 3611 a
3616 3556 3804 3612 Grecis
3823 3562 3871 3607 et

2295 3645 2586 3702 Saracenis
2610 3647 2874 3712 exercitu,
2907 3646 2974 3702 de
3006 3647 3130 3700 navi
3151 3647 3380 3702 exiliens
3418 3649 3476 3700 in
3537 3664 3653 3718 qua
3695 3659 3873 3717 captus

2291 3751 2428 3808 erat,
2446 3740 2760 3814 aufugit(cf.
2777 3741 3114 3810 Atrenruu).
3129 3739 3255 3796 Otto
3265 3742 3374 3797 dux
3400 3740 3717 3798 Suevorum
3731 3741 3871 3802 obiit,

2294 3845 2348 3892 et
2367 3833 2732 3892 Chounradus
2753 3833 2856 3889 sibi
2884 3834 3169 3889 successit.

2365 3928 2490 3983 985.
2531 3925 2658 3982 Otto
2681 3943 2776 3982 rex
2803 3925 2989 3982 Roma:
3019 3927 3348 3993 infirmatus,
3401 3925 3436 3980 6
3463 3925 3600 3983 Idus
3636 3927 3870 3982 Deccmb.

2297 4021 2450 4086 obiit,
2479 4030 2533 4075 et
2558 4020 2612 4074 in
2643 4020 2858 4090 porticu
2887 4019 3061 4074 sancti
3080 4018 3226 4074 Petri
3259 4019 3544 4088 sepelitur.

2367 4111 2492 4166 984.
2533 4109 2659 4166 Otto
2686 4109 2907 4172 tercius,
2937 4109 3162 4166 secundi
3187 4108 3406 4164 Ottonis
3447 4125 3519 4164 ex
3553 4108 3734 4165 Greca
3758 4123 3876 4162 cor.-

2293 4201 2422 4272 juge
2472 4201 2636 4264 Illius,
2684 4201 2864 4256 adhuc
2901 4215 3034 4270 puer
3064 4216 3163 4269 pro
3197 4209 3351 4270 patre
3391 4203 3666 4272 regnavit.
3709 4199 3878 4254 Romae

2297 4289 2574 4345 Iohannes
2601 4288 2740 4356 XIV,
2767 4291 2864 4360 qui
2885 4298 2938 4343 et
2957 4287 3170 4356 Petrus,
3196 4288 3375 4359 Papiae
3396 4291 3556 4360 prius
3577 4290 3878 4360 episcopus,

2251 4381 2256 4386 ’
2297 4381 2636 4453 ρίιρΜὸθιιη,
2665 4381 2802 4436 sedit
2825 4397 3000 4436 mens.
3035 4382 3091 4446 8,
3117 4397 3355 4452 eumque
3378 4381 3878 4452 Bonifacius,prius

2299 4473 2540 4544 relegato
2585 4471 2898 4537 Benedicto,
2957 4473 3098 4527 male
3130 4473 3438 4539 ordinatus,
3505 4475 3576 4529 de
3614 4473 3880 4529 Constan-

616 4560 771 4632 prius
794 4559 1112 4619 Narniensis
1139 4563 1430 4634 episcopus
1446 4563 1535 4631 ω,
1551 4579 1690 4634 papa
1710 4564 1894 4632 I56“,
1927 4566 2067 4622 sedit
2095 4581 2196 4620 an-
2231 4555 2275 4609 D
2303 4563 2528 4633 tinopoli
2551 4578 2662 4634 quo
2683 4563 2897 4634 fugerat
2921 4578 3193 4632 reversus,
3231 4565 3672 4635 comprehendit,
3703 4574 3880 4620 etc-um

615 4649 706 4706 nis
740 4650 864 4720 plus
885 4650 1068 4706 minus
1095 4651 1144 4711 7.

687 4739 813 4797 968.
874 4740 1105 4812 Eclipsis
1126 4743 1256 4798 solis
1281 4743 1340 4798 II
1399 4742 1516 4800 Kal.
1544 4743 1858 4800 Decembris
1891 4743 2052 4800 facta.

687 4831 814 4888 969.
853 4829 970 4889 Hoc
995 4841 1234 4903 tempore
1278 4833 1556 4892 Iohannes
1611 4850 1750 4904 papa
1790 4851 1821 4889 a
1869 4835 2196 4904 quibusdam

620 4923 855 4980 multum
893 4923 1122 4980 aliIictus
1157 4926 1338 4992 exilio,
1365 4928 1459 4982 vix
1502 4926 1720 4982 tandem
1759 4942 1790 4982 a
1831 4926 2069 4999 quodam
2113 4925 2201 4982 Io-

619 5014 802 5071 hanne
822 5031 936 5070 suae
957 5015 1069 5071 sedi
1088 5017 1409 5072 restituitur.

690 5105 816 5163 970.
855 5104 980 5162 Otto
1016 5107 1312 5176 imperator
1340 5109 1572 5164 Romam
1591 5109 2084 5181 veniens,injurias
2107 5111 2200 5166 do-

619 5195 738 5253 mnl
790 5211 943 5269 papae
1000 5198 1057 5252 in
1097 5201 1411 5255 auctoribus
1457 5201 1722 5256 scelerum
1757 5203 1991 5274 graviter
2023 5203 2201 5258 vindi-

621 5285 784 5342 cavit.

2307 4663 2365 4708 ut
2391 4653 2678 4724 perhibent
2697 4653 2974 4720 toxicavit,
3023 4653 3252 4724 ejusque
3297 4653 3483 4709 sedem
3535 4654 3702 4709 I40"!
3752 4668 3882 4726 papa

2303 4747 2522 4802 invasit.

2375 4839 2499 4894 985.
2543 4835 2732 4893 Romae
2749 4837 3060 4894 Bonifacius
3105 4837 3217 4904 VII,
3285 4848 3582 4910 postquam
3642 4838 3882 4894 undecim

2304 4930 2586 4986 mensibus
2617 4930 2862 4986 invasam
2886 4931 3068 4986 sedem
3093 4941 3483 5000 occupaverat,
3511 4932 3700 4986 subita
3723 4940 3886 4985 morte

2304 5019 2482 5090 periit,
2511 5027 2566 5074 et
2595 5028 2846 5075 mortuus
2869 5035 2899 5074 a
2923 5021 3038 5075 suis
3061 5035 3240 5085 cesus,
3283 5021 3580 5076 confossus
3608 5031 3668 5076 et
3713 5021 3886 5076 trivia-

2305 5109 2403 5164 tim
2429 5109 2658 5182 pedibus
2695 5118 2923 5174 tractus,
2955 5110 3044 5164 vix
3070 5111 3288 5166 tandem
3321 5113 3541 5168 clericis
3585 5111 3884 5167 miseranti-

2305 5203 2407 5257 bus
2427 5211 2510 5256 est
2532 5201 2808 5256 humatus.

2296 5271 2309 5278 ’
2375 5291 2498 5342 986.
2543 5291 2728 5342 Romae
2749 5293 3026 5342 Iohannes
3050 5292 3164 5342 XV-
3192 5309 3326 5342 mna
3353 5296 3540 5342 III“-
3576 5297 3718 5342 sedit
3737 5293 3888 5342 annis
