3996 5474
208 327 341 388 1557

1084 323 1373 386 APPEND.
1415 329 1502 385 III.
1542 359 1611 370 --
1644 322 2081 387 MONUMENTA
2115 324 2581 387 GREGORIANA.

3325 334 3462 390 1558

269 445 388 498 901.
433 441 770 514 Theophanu
812 442 982 499 Greca
1008 444 1346 514 imperatrix,
1372 453 1545 501 mater
1563 443 1780 500 Ottonis
1812 454 1855 509 Α
1956 442 2113 497 1005.
2158 442 2227 472 ’⁸ο
2260 441 2446 497 Romae
2475 450 2599 511 post
2628 439 2952 495 Ger-bertum
3000 438 3277 496 Iohannes
3324 440 3463 508 XVI,

198 537 360 592 regis.
387 536 541 590 obiit.

228 552 360 606 egts,
387 552 541 590 omit.

266 626 388 681 092.
432 627 498 658 ’⁸⁷
518 626 848 699 Aquisgrani
873 627 928 682 in
953 620 1192 699 generali
1237 629 1446 701 synodo
1484 645 1670 685 coram
1702 630 1778 684 le-

193 717 331 790 gatis
358 715 624 773 Johannis
645 734 797 790 papa:
824 720 1095 776 sancitum
1117 728 1221 786 est,
1253 730 1313 775 ut
1346 728 1583 791 quatuor
1604 719 1775 774 ebdo-

196 811 367 868 madis
395 820 523 868 ante
559 814 791 869 natalem
827 814 1067 883 Domini,
1095 825 1148 871 et
1175 833 1203 870 a
1229 817 1623 888 septuagesima
1650 826 1776 872 ante

193 904 415 973 pascha,
449 912 505 958 et
530 905 596 960 14
640 906 835 962 diebus
857 915 981 962 ante
1034 906 1232 963 festum
1282 910 1456 964 sancti
1507 907 1774 964 Johannis

192 991 464 1064 Baptista),
492 996 677 1052 nullus
705 998 974 1053 secularia
1009 1000 1206 1070 placita
1248 1016 1406 1072 agere
1448 1010 1542 1056 aut
1589 1003 1777 1071 coniu-
1836 1070 1841 1073 _

189 1086 335 1156 gium
370 1090 694 1145 contrahere
724 1102 1022 1161 praesumat
1049 1091 1253 1164 (1278).

258 1181 380 1235 994.
421 1182 715 1240 Counrado
742 1186 853 1257 regi
884 1187 1210 1260 Burgundiae
1241 1188 1520 1255 defuncto,
1549 1204 1771 1246 succes-

188 1276 258 1331 sit
278 1275 584 1336 Roudolfus
606 1281 751 1337 filius
774 1282 842 1314 ’³⁸
868 1286 988 1355 ejus
1013 1284 1070 1339 in
1095 1300 1345 1356 regnum.

255 1366 380 1423 995.
422 1367 710 1427 Heinricus
733 1372 843 1428 dux
866 1372 1130 1445 Bajoariaa
1153 1375 1307 1443 obiit,
1335 1376 1494 1446 cujus
1512 1376 1770 1433 ducatum

186 1456 326 1514 ﬁlius
370 1460 492 1530 ejus
540 1463 786 1533 ejusdem
846 1466 1083 1522 nominis
1133 1467 1387 1523 obtinuit.
1436 1467 1772 1525 Constantiie

186 1550 536 1610 Gebehardus
558 1556 849 1628 episcopus
867 1560 1192 1616 venerabilis
1218 1561 1373 1628 obiit,
1404 1570 1459 1617 et
1491 1563 1545 1618 in
1584 1563 1770 1618 basili-

183 1656 243 1695 ca
266 1645 443 1699 sancti
487 1645 733 1718 Gregorii
767 1666 921 1721 papae
965 1667 995 1707 a
1063 1668 1124 1708 se
1158 1662 1476 1710 constructa
1522 1658 1770 1727 sepultus
1828 1724 1832 1727 ἱ

180 1734 444 1805 quiescit;
478 1739 643 1811 eique
670 1739 996 1812 Lampertus
1022 1746 1326 1801 monachus
1359 1746 1418 1801 in
1450 1747 1766 1819 episcopatu

182 1823 501 1894 succedens,
529 1828 747 1899 praefuit
777 1833 938 1889 anuis
960 1833 1051 1889 25.

246 1915 367 1971 996.
410 1917 539 1975 Otto
572 1938 665 1977 rex
693 1921 903 1979 Italiam
930 1940 1055 1981 eum
1080 1927 1323 1983 exercitu
1360 1930 1513 2000 petit,
1552 1930 1768 2004 sibique

178 2005 399 2063 rebelles
431 2014 718 2068 coartavit.

245 2098 367 2152 997.
406 2098 535 2157 Otto
564 2120 679 2172 rex,
712 2107 955 2164 subactis
1000 2108 1317 2181 rebellibus,
1371 2113 1526 2171 Italia
1567 2116 1768 2175 Roma-

173 2203 277 2258 que
295 2191 507 2261 potitus
530 2203 634 2252 est.
661 2196 729 2252 Et
753 2199 1052 2273 Gregorius
1083 2199 1148 2271 ν,
1174 2205 1269 2275 qui
1291 2214 1346 2261 et
1367 2205 1573 2276 Bruno,
1620 2210 1767 2269 titius

174 2277 361 2339 Otonis
381 2284 562 2353 ducis,
592 2304 732 2360 papa
764 2292 924 2345 142υ³
955 2294 1264 2364 ordinatus,
1313 2308 1368 2353 et
1415 2296 1542 2357 Otto
1583 2304 1652 2359 ab
1698 2320 1765 2360 eo

175 2372 472 2445 imperator
506 2392 804 2440 coronatus
831 2394 939 2440 est.
964 2386 1069 2454 Qui
1095 2391 1571 2465 venerabilispapa
1605 2413 1769 2451 cano-

174 2464 345 2520 nicam
384 2468 459 2523 ibi
483 2470 827 2542 disciplinam
852 2492 1107 2549 reparare
1129 2488 1405 2552 satagens,
1442 2464 1763 2541 seditauuis

171 2553 363 2624 tribus,
392 2560 677 2618 mensibus
708 2562 759 2618 9.
787 2564 977 2637 Augia:
995 2566 1269 2626 Alawicus
1291 2574 1460 2630 abbas
1473 2576 1616 2631 ,Ξϐιιι
1636 2594 1765 2649 pro-

169 2653 367 2716 motus,
402 2647 595 2708 Romaa
615 2654 684 2710 ab
708 2655 827 2727 ipso
854 2674 995 2730 papa
1024 2674 1380 2722 consecratus
1402 2676 1458 2723 et
1478 2647 1765 2742 privilegio

165 2734 400 2796 donatus
431 2749 536 2798 est.
563 2742 890 2806 Counradus
911 2752 1022 2807 dux
1049 2734 1495 2816 Alamannorum
1509 2734 1773 2831 obiit,'et'

166 2843 264 2897 pro
288 2847 354 2887 eo
380 2832 755 2898 Herimannus
776 2843 1035 2901 ducatum
1068 2849 1296 2919 accepit.

235 2921 357 2978 999.
400 2924 531 2982 Otto
563 2929 863 3002 imperator
894 2935 1092 2993 iterum
1117 2938 1329 2998 Italiam
1360 2960 1487 3001 cum
1514 2949 1756 3005 exercitu

165 3010 230 3041 "‘9
251 3011 481 3070 invadit.

230 3100 386 3158 I000.
430 3104 619 3164 Roma:
635 3108 891 3170 defuncto
914 3116 1177 3190 Gregorio
1206 3137 1366 3194 papa,
1402 3124 1665 3185 Silvester
1686 3130 1753 3198 ll,
1782 3155 1822 3211 ρ

157 3193 249 3263 qui
285 3209 339 3252 et
360 3197 685 3271 Gerbertus,
713 3207 892 3276 primo
923 3209 1242 3282 Remorum,
1295 3228 1422 3287 post
1466 3219 1740 3280 Ravenna-

159 3296 273 3342 tum
296 3291 771 3367 archiepiscopus,
797 3303 1029 3358 seculari
1060 3306 1361 3365 literaturze
1397 3312 1627 3371 nimium
1658 3319 1752 3372 de-

156 3376 320 3447 ditus,
345 3388 401 3436 et
427 3383 500 3437 ob
524 3384 629 3441 hoc
651 3389 869 3445 curioso
904 3391 1224 3463 imperatori
1266 3400 1558 3459 admodum
1600 3422 1751 3462 ama-

156 3477 263 3537 tus,
286 3487 430 3543 papa
462 3476 623 3531 145³³
652 3480 792 3537 sedit
813 3485 977 3540 annis
1000 3487 1053 3542 5.

223 3562 382 3621 1001.
426 3565 556 3623 Otto
580 3571 879 3644 imperator
919 3576 1131 3636 Italiam
1164 3583 1266 3640 sibi
1306 3602 1747 3659 quaquaversum

151 3653 429 3713 subditam
451 3660 669 3718 lustrat.

220 3745 381 3801 1002.
426 3747 555 3806 Otto
580 3752 875 3824 imperator
906 3759 961 3816 in
988 3761 1142 3819 Italia
1177 3765 1244 3819 10
1280 3766 1397 3822 Kal.
1435 3769 1561 3827 Feb.
1590 3775 1743 3842 obiit,

147 3847 294 3889 anno
324 3839 485 3908 regni
521 3839 625 3907 18°,
656 3851 710 3898 et
739 3844 997 3904 intestina
1025 3851 1144 3920 ejus
1170 3853 1450 3925 Augustaz,
1472 3839 1744 3931 reliquum

148 3938 278 3979 vero
354 3943 562 4000 corpus
607 3933 729 4003 ejus
779 3937 1110 4012 Aquisgrani
1159 3947 1437 4015 sepelitur.
1478 3947 1585 4007 Pro
1634 3970 1744 4023 quo

146 4011 443 4078 Heinrieus
488 4022 601 4079 dux
650 4024 918 4097 Bajoarize
959 4011 1053 4088 rex
1083 4034 1330 4106 effectus,
1361 4044 1607 4112 regnavit
1652 4061 1745 4100 an-

144 4108 230 4167 nis
258 4111 353 4168 25.

212 4201 376 4259 1005.
420 4204 709 4268 IIeiuricus
753 4229 846 4270 rex
897 4215 1211 4277 IIeinricum
1279 4227 1649 4285 marehionem
1688 4242 1742 4286 et

136 4381 397 4443 rimanno
426 4389 567 4446 duce
594 4394 951 4466 Alamanniae,
984 4381 1098 4473 regi
1130 4381 1444 4475 rebellante,
1482 4413 1734 4482 spoliata,

1880 542 2017 603 papa
2052 532 2235 600 IIII",
2267 533 2405 588 sedit
2432 547 2578 588 anno
2610 547 2738 587 uno.

1953 624 2109 679 I006.
2153 625 2340 682 Romae
2368 625 2645 683 Iohannes
2672 626 2839 696 XVII,
2870 627 2965 700 qui
2992 636 3046 685 et
3075 627 3343 697 Fasanus,
3373 646 3468 701 pne

1879 726 1945 786 pa
1981 717 2138 771 115⁸³³
2170 717 2474 785 ordinatur,
2506 725 2559 772 et
2588 719 2729 774 sedit
2758 720 2917 776 annis
2947 736 3041 775 sex
3071 721 3159 775 ²⁸¹.

1952 808 2107 862 1007.
2150 807 2437 865 Heinricus
2466 826 2561 865 rex
2592 827 2810 865 summo
2838 814 3019 868 studio
3050 814 3193 885 apud
3222 820 3463 870 castrum

1879 915 2039 955 suum
2070 899 2387 974 Babenberg
2415 902 2644 969 dictum,
2679 904 2916 960 nobilem
2965 914 3020 960 et
3056 905 3281 961 divitem
3327 921 3465 962 cou-

1878 992 2079 1047 struxit
2103 992 2583 1064 episcopatum'",
2616 996 2936 1069 primusque
2962 999 3037 1054 ibi
3070 1000 3174 1056 hoe
3201 1003 3469 1072 annoepia

1877 1099 2077 1154 scopus
2105 1094 2392 1154 promotus
2419 1096 2506 1142 est
2533 1086 2902 1145 Eberhardus.

1949 1175 2105 1229 I008.
2150 1176 2337 1248 Augim
2393 1190 2603 1234 remoto
2661 1178 2929 1236 Ymmoue
2985 1183 3181 1240 abbate
3234 1185 3462 1252 crudeli,

1876 1263 2014 1321 Bern
2046 1267 2127 1321 vir
2156 1268 2350 1323 doctus
2379 1279 2430 1323 et
2460 1269 2603 1340 pius,
2636 1269 2978 1330 Prumicusis
3006 1273 3467 1344 monachus,Au-

1875 1357 1974 1428 giae
2003 1359 2171 1415 abbas
2198 1361 2583 1431 constituitur;
2634 1364 2729 1435 qui
2759 1376 3036 1437 gratanter
3067 1378 3377 1439 susceptus,
3410 1380 3466 1424 et

1873 1464 1903 1501 a
1932 1446 2341 1507 Constantiensi
2372 1453 2631 1525 cpisc0po
2658 1454 2948 1528 Lamperto
2997 1460 3166 1516 abbas
3192 1462 3311 1532 ejus
3359 1463 3462 1518 loci

1871 1538 2001 1594 29‘"
2032 1552 2408 1612 consecratus,
2441 1546 2639 1617 pietate
2668 1557 2722 1603 et
2751 1550 2978 1605 scicntia
3010 1552 3214 1620 clarus,
3248 1553 3465 1624 praefuit

1871 1631 2032 1687 annis
2060 1632 2148 1688 40.

1944 1719 2100 1776 1009.
2144 1723 2214 1754 ’⁵³
2246 1722 2434 1781 Romae
2465 1725 2688 1800 Sergius
2717 1728 2806 1796 IV,
2838 1748 2974 1802 papa
3008 1733 3194 1803 I46“,
3236 1736 3460 1792 ordina-

1802 1804 1844 1858 Β
1871 1819 1977 1867 tur.

1947 1902 2105 1960 IOII.
2149 1906 2453 1981 Wiiligisus
2499 1912 2969 1986 Mogonciaccnsis
3018 1920 3462 1994 archiepiscopus

1872 1992 2029 2061 obiit,
2059 1993 2218 2066 eique
2248 1997 2659 2057 Erehenbaldus
2687 2007 2972 2061 successit.

1942 2086 2099 2142 1012.
2141 2087 2507 2148 Chounradus
2533 2093 2642 2148 dux
2674 2093 2971 2153 Carentani
3002 2100 3266 2170 moriens,
3296 2102 3464 2159 Δάαι·

1876 2175 2070 2232 beroni
2099 2179 2360 2237 ducatum
2391 2184 2630 2255 reliquit.
2664 2185 3033 2248 Iierimannus
3061 2192 3170 2249 dux
3201 2194 3460 2251 Aleman-

1869 2268 1975 2324 nize
2003 2270 2157 2337 obiit,
2189 2274 2347 2344 cujus
2374 2276 2632 2333 ducatum
2664 2279 2868 2338 Ernust
2893 2285 3118 2356 accepit.

1941 2359 2097 2417 1015.
2142 2363 2329 2421 Romae
2373 2367 2632 2426 defuncto
2682 2371 2874 2444 Sergio
2916 2392 3077 2448 papa,
3128 2378 3461 2459 Benedictus
3496 2389 3500 2392 ’

1866 2447 2003 2517 VIII,
2027 2466 2165 2524 papa
2190 2454 2375 2523 I47“,
2426 2460 2566 2513 sedit
2594 2464 2753 2519 anuis
2781 2464 2951 2523 ferme
2980 2447 3050 2523 12
3170 2447 3200 2479 ”

1939 2541 2094 2629 1014.
2138 2543 2430 2605 IIeinricus
2460 2568 2550 2607 rex
2585 2552 3057 2629 Ronncimperiali
3080 2561 3459 2623 benedictione

1864 2644 1894 2684 a
1927 2628 2222 2689 Benedicto
2251 2651 2389 2707 papa
2419 2653 2733 2698 coronatur.

1934 2723 2091 2780 1015.
2134 2725 2338 2784 Ernust
2369 2731 2479 2787 dux
2510 2733 2847 2795 Alemannis:
2877 2736 2931 2794 in
2962 2750 3161 2799 venatu
3194 2746 3263 2802 ab
3290 2742 3459 2804 Adal-

1861 2816 2065 2872 bcrone
2097 2819 2299 2875 comite
2329 2821 2500 2879 feram
2532 2835 2837 2899 appetente,
2870 2834 3066 2905 sagitta
3112 2835 3453 2907 vulneratus,

1860 2907 2093 2976 interiit,
2123 2919 2175 2965 et
2204 2911 2460 2969 ducatum
2491 2917 2611 2988 ejus
2664 2920 2809 2977 illius
2856 2924 3178 2994 equivocus,
3233 2930 3455 2987 viduam

1857 3016 1987 3058 vero
2016 3004 2134 3074 ejus
2163 3005 2401 3062 Giselam
2430 3009 3051 3091 Counradus,.lieinrici
3078 3021 3245 3092 ﬁlius,
3275 3024 3452 3097 impe-

1859 3106 2010 3152 rator
2036 3109 2221 3168 postea
2256 3101 2498 3171 futurus,
2542 3111 2769 3181 accepit.
2822 3112 3215 3186 Megingaudus
3263 3118 3453 3178 Trevi-

1858 3203 2042 3245 rorum
2075 3192 2522 3269 archiepiscopus
2550 3201 2705 3269 obiit,
2739 3220 2838 3275 pro
2868 3221 2978 3277 quo
3006 3207 3208 3281 Poppo.

1929 3287 2082 3342 1017.
2126 3289 2472 3362 Gotefridus,
2530 3297 2640 3356 dux
2700 3303 2873 3370 partis
2944 3302 3447 3380 Lothuringorum,

1855 3382 2194 3443 Gerhardum
2226 3391 2484 3447 comitem
2510 3395 2650 3450 bello
2676 3397 2824 3453 vicit.

1926 3475 2082 3531 1018.
2124 3478 2462 3539 Constantia:
2503 3485 2798 3559 Lampcrto
2863 3492 3120 3566 episcopo
3168 3496 3444 3568 defuncto,

1853 3565 2220 3626 Roudhardus
2250 3574 2468 3644 przefuit
2496 3581 2656 3636 annis
2686 3580 2857 3639 ferme
2888 3585 2939 3639 5.

1922 3660 2079 3716 I0l9.
2123 3662 2507 3736 Chounradus,
2540 3670 2685 3728 illius
2707 3672 3025 3735 Chounradi
3048 3681 3327 3750 quondam
3350 3682 3449 3738 du-

1850 3751 1929 3806 cis
1954 3751 2267 3822 Carentani,
2291 3757 2688 3818 Adalberonem
2717 3765 2912 3823 ducem
2938 3771 3081 3840 apud
3105 3770 3320 3830 Ulmam
3342 3791 3446 3845 pu-

1848 3858 1953 3912 gna
1973 3844 2177 3900 victum
2203 3846 2427 3918 fugavit.

1919 3932 2076 3988 1020.
2119 3934 2447 3997 Benedictus
2501 3960 2638 4015 papa
2679 3946 2749 4000 ab
2787 3944 3113 4019 imperatore
3159 3955 3438 4023 invitatus,

1846 4022 2158 4101 Babenberg
2182 4032 2350 4099 venit,
2388 4034 2571 4107 ibique
2621 4040 2895 4097 aeclesiam
2943 4047 3119 4101 sancti
3173 4046 3439 4120 Stephani

1844 4118 2133 4177 dedicavit.

1916 4214 2073 4272 1021.
2119 4218 2435 4279 licribertus
2464 4222 2706 4287 Coloniae
2726 4232 3037 4308 Agrippinae
3067 4237 3436 4311 archiepisco-

1843 4319 1963 4374 pus,
1983 4308 2066 4362 vir
2081 4328 2287 4383 magna:
2310 4319 2635 4385 sanctitatis,
2658 4323 2760 4379 hac
2783 4326 2892 4382 vita
2916 4329 3220 4399 discedens,
3249 4334 3435 4393 multis

1841 4401 2122 4460 miraculis
2156 4407 2383 4476 claruit;
2410 4412 2499 4466 cui
2534 4412 2831 4484 Piligrinus
2864 4425 3149 4479 successit.
3187 4425 3433 4484 Erchen-

135 4480 190 4526 et
216 4473 488 4535 divinitus
518 4481 572 4536 in
604 4494 857 4543 auctores
887 4490 1109 4548 sceleris
1137 4498 1374 4564 graviter
1401 4473 1734 4559 vindicatum
1769 4498 1813 4554 1)
1838 4498 1999 4554 baldo
2037 4518 2257 4571 quoque
2311 4502 2747 4577 Mogonciaccnsi
2782 4516 3193 4590 archiepiscopo
3232 4522 3433 4580 deam-

148 4573 213 4590 η.
271 4569 564 4590 -.-μεμη
620 4574 636 4590 .
959 4582 971 4590 .
1196 4584 1268 4590 --

146 4573 236 4632 :st,
268 4578 325 4622 et
351 4569 426 4624 ab
457 4570 577 4641 ipso
605 4574 743 4631 duce
770 4593 928 4636 sacro
956 4582 1078 4638 loco
1106 4584 1467 4645 satisfactum.

204 4663 371 4722 I004.
406 4667 701 4730 Heinricus
730 4691 823 4732 rex
852 4677 1061 4736 Italiam
1089 4692 1297 4755 petens,
1320 4688 1424 4744 sibi
1444 4705 1563 4747 eam
1596 4698 1729 4752 suh-

132 4752 291 4827 jecit;
324 4757 563 4832 Papiam
611 4766 729 4837 ipsa
784 4770 872 4827 die
920 4789 1030 4844 qua
1073 4752 1367 4838 coronatus
1410 4792 1494 4839 est
1535 4787 1731 4846 irrum—
1776 4854 1781 4857 ς

133 4863 288 4949 peris,
318 4853 510 4924 gladio
536 4867 591 4911 et
616 4857 742 4930 igne
770 4864 1097 4932 perdomuit.
1152 4869 1299 4949 Inde,
1332 4873 1385 4928 in
1434 4875 1726 4940 Saxoniam

138 4939 374 5010 rediens,
406 4943 689 5004 Boemiam
718 4962 772 5007 et
815 4954 1116 5015 Bolizlaum
1164 4946 1357 5020 ducem
1408 4966 1728 5034 Sclavorum

144 5040 256 5086 Eum
287 5043 402 5089 tota
434 5048 597 5106 gente
626 5056 724 5098 sua
755 5048 1084 5120 subjugavit.

196 5279 264 5361 ξδ’
290 5281 407 5337 luet.
430 5282 866 5361 ςζζρ-αιναιηεηιο
896 5297 1110 5354 inserta.
1191 5299 1259 5332 “3
1289 5298 1338 5355 f.
1371 5318 1419 5357 e.
1452 5306 1489 5361 i.

125 5344 406 5450 ξξζξιεξξηξε
421 5352 492 5450 ,ξ
500 5352 573 5450 ῖξ,
586 5344 1338 5450 ρξρείᾖξ’ἧίὶἑὶῐὶῇῇὁθναριιὲξ
1356 5344 1464 5431 Ϊέειῖ

269 5423 381 5450 ..-2.-
421 5423 573 5450 ..Λλιι

1837 4598 1945 4654 clo,
1978 4591 2145 4647 Aribo
2175 4598 2465 4654 successit.
2508 4600 2795 4662 Iieinricus
2825 4607 3120 4679 imperator
3143 4614 3198 4669 in
3221 4613 3434 4678 Italiam

1836 4683 2234 4751 expeditionem
2262 4691 2451 4747 movit.

1910 4772 2066 4832 1022.
2127 4776 2416 4837 Ileiuricus
2462 4785 2758 4859 imperator
2811 4786 3169 4863 Campaniam
3215 4804 3450 4876 petens,

1840 4862 2081 4938 Troiam,
2108 4866 2410 4941 Neapolim,
2452 4877 2716 4950 Capuam,
2744 4889 2800 4935 et
2829 4862 3042 4941 ceteras
3091 4886 3344 4941 civitates
3394 4897 3466 4959 in

1838 4959 2172 5022 deditionem
2199 4967 2411 5035 accepit
2436 4988 2452 5035 ;
2477 4986 2533 5029 et
2556 4973 2923 5032 Nordmannis
2955 4982 3305 5053 quihusdam,
3349 5002 3487 5063 qi",

1839 5063 2087 5127 tempore
2121 5058 2243 5129 ejus
2269 5060 2360 5114 illo
2386 5070 2789 5134 conﬂuxerant,
2813 5075 3111 5141 Quoddam,
3144 5085 3204 5132 ut
3234 5058 3503 5169 feruin,

1422 5186 1503 5247 VA
1513 5195 1658 5262 [WE
1695 5201 2108 5275 LECTIONES.
