3996 5474
559 460 702 516 1559

1589 441 1682 496 AD
1719 440 1949 495 OPERA
1989 439 2044 493 S.
2089 435 2417 494 CRECORII
2454 426 2897 487 APPENDICES.

3693 427 3822 484 1360

555 574 664 628 illis
699 569 757 624 in
791 566 1038 638 partibus
1077 557 1413 617 territorium
1459 554 1754 619 concessit,
1776 553 1963 622 sicque
2024 551 2139 622 ipse
2168 553 2213 607 A
2312 548 2470 602 1052.
2513 544 2818 601 Iloudoll‘us
2847 560 2938 598 rex
2971 543 3297 612 Burgundia:
3325 541 3564 613 ignavus
3595 543 3825 600 obiit.et

552 680 650 736 per
676 661 906 716 Romam
926 657 1100 710 victor
1126 651 1286 706 rediit
1337 649 1394 702 in
1441 645 1812 702 Germaniam.
1848 641 2134 696 Roudbar-

2238 640 2530 695 Counrado
2558 638 2872 708 imperatori
2899 637 3145 692 diadema
3173 650 3334 689 suum
3364 635 3698 690 transmisit.
3723 634 3826 690 Cn-

552 725 656 814 dus
679 744 1117 807 Constantiensis
1143 743 1434 814 episcopus
1465 737 1618 792 obiit.
1675 735 1782 789 Pro
1802 749 1913 804 quo
1942 731 2135 787 IIeimo
2234 733 2327 803 jus
2355 747 2586 800 regnum
2613 729 2752 795 Odo,
2783 728 2992 783 sororis
3020 743 3134 782 suae
3164 727 3327 792 ﬁlius,
3361 727 3620 796 princeps
3667 725 3828 780 Calli-

550 847 726 902 ferme
754 841 916 897 annis
941 838 1013 871 ’⁵⁸
1035 834 1269 907 praefuit.
1313 831 1582 886 Notkerus
1605 841 1824 898 quoque
1875 823 2137 896 magister

549 940 616 994 de
637 937 840 992 Sancto
871 931 1025 988 Gallo
1050 928 1203 984 obiit.

533 1045 536 1048 '
627 1027 785 1083 1023.
823 1022 1140 1091 Ratisponae
1191 1023 1313 1085 post
1355 1007 1735 1067 Gehebardum
1788 1003 2135 1074 episcopum,

553 1122 732 1175 virum
752 1115 914 1172 laude
939 1108 1343 1184 dignissimum,
1375 1103 1511 1158 alter
1539 1098 1892 1156 Gehebardus
1920 1094 2137 1150 intbro-

559 1213 794 1266 nitatur.

631 1302 690 1355 In
752 1299 824 1332 '”
885 1298 991 1352 hoc
1054 1306 1162 1349 ano
1219 1285 1476 1346 convenit
1523 1280 1753 1340 sinodus
1813 1276 2142 1351 MOgontiaci

558 1393 784 1463 (1279),
835 1389 891 1444 in
941 1401 1050 1457 qua
1099 1383 1458 1440 constitutum
1508 1383 1620 1442 est,
1683 1381 1744 1428 ut
1797 1372 1950 1442 plebs
1996 1369 2142 1424 chri-

558 1462 735 1542 stiana
799 1482 866 1536 11
920 1479 1037 1534 dies
1113 1482 1240 1531 ante
1280 1472 1480 1528 festum
1544 1464 1720 1521 sancti
1787 1462 2055 1518 Johannis
2112 1476 2142 1515 a

559 1592 724 1635 carne
788 1581 843 1628 et
884 1569 1151 1642 sagimine
1198 1565 1488 1628 abstineat,
1554 1558 1663 1614 nisi
1705 1555 2019 1611 inﬁrmitate
2045 1568 2142 1609 co-

560 1680 735 1742 gente,
773 1675 868 1721 aut
890 1662 1200 1725 festivitate,
1227 1672 1349 1729 qua:
1389 1655 1443 1709 in
1488 1652 1580 1707 illo
1607 1647 1885 1721 episcopio
1914 1645 2144 1702 celebris

560 1735 808 1817 habetur.
869 1753 1129 1809 Similiter
1172 1749 1242 1804 11.
1272 1746 1390 1802 dies
1445 1750 1571 1797 ante
1614 1738 1850 1796 natalem
1901 1735 2140 1791 Domini.

559 1854 691 1909 Item
715 1850 789 1905 ibi
836 1845 1194 1904 constitutum
1222 1847 1325 1906 est,
1369 1845 1429 1891 ut
1475 1833 1658 1906 vigilia
1685 1830 2010 1902 epiphanire,
2058 1827 2142 1882 vi-

561 1945 687 2019 gilia
713 1941 961 1998 omnium
1009 1943 1346 1997 sanctorum,
1369 1927 1553 2000 vigilia
1589 1921 1983 1993 assumptionis
2009 1935 2140 1975 san-

561 2011 662 2094 ctae
682 2034 883 2099 Marize,
909 2029 1092 2101 vigilia
1129 2024 1304 2082 sancti
1334 2019 1615 2076 Laurentii
1632 2016 1971 2088 jejuuentur,
1991 2011 2065 2066 ita
2088 2020 2150 2066 ut

562 2146 668 2185 una
701 2123 1016 2197 refectionis
1039 2122 1174 2176 hora
1195 2116 1534 2172 admittatur.

634 2220 792 2275 1021.
808 2195 997 2271 [tenue
1019 2210 1276 2268 defuncto
1289 2205 1600 2269 Benedicto,
1619 2199 1786 2256 frater
1800 2198 1918 2270 ejus
1940 2195 2147 2250 Johan-

563 2329 659 2369 nes
686 2309 872 2376 XVIII,
898 2323 965 2362 ex
986 2305 1127 2360 laico
1150 2316 1288 2374 papa
1322 2299 1509 2364 118‘",
1531 2295 1673 2352 sedit
1711 2291 1872 2348 annis
1899 2288 2070 2344 ferme
2091 2285 2144 2342 9.

565 2403 854 2458 Ileinricus
893 2411 1112 2470 quoque
1162 2394 1479 2463 imperator,
1515 2388 1550 2442 '5
1597 2385 1724 2442 Idus
1770 2381 1899 2438 Julii
1943 2380 2151 2450 absque

566 2494 692 2550 ﬁliis
715 2493 859 2549 diem
891 2484 1105 2554 obiens,
1142 2483 1283 2554 apud
1337 2479 1842 2548 Babenbergensem
1868 2472 2151 2542 episcopa-

565 2595 681 2642 tum
712 2599 744 2640 a
779 2598 838 2639 se
878 2586 1277 2642 constructum,
1324 2587 1487 2644 quem
1539 2568 1787 2624 omnium
1821 2563 2151 2635 praediorum

564 2687 620 2736 et
639 2677 1024 2734 thesaurorum
1060 2682 1285 2728 suorum
1323 2665 1619 2734 reliquerat
1645 2659 1923 2724 heredem,
1971 2655 2029 2711 in
2051 2653 2151 2709 ba—

567 2771 719 2827 silica
766 2766 943 2824 sancti
995 2761 1144 2818 Petri
1196 2759 1494 2830 sepelitur;
1551 2752 1848 2822 habitoque
1882 2755 2153 2805 conventu

565 2862 710 2934 apud
765 2858 950 2914 villam
1003 2853 1290 2918 Kambam,
1349 2845 1717 2903 Chounradus
1753 2841 1959 2907 senior,
2011 2839 2155 2894 ﬁlius

568 2932 830 3019 IIeinrici,
859 2965 956 3006 rex
989 2952 1298 3019 promotus,
1346 2941 1414 2995 ab
1461 2938 1702 2992 Aribone
1741 2932 2154 3003 archiepiscopo

573 3041 907 3118 Mogonciaci
930 3048 1130 3095 unctus
1143 3044 1247 3102 est,
1268 3034 1301 3088 6
1348 3032 1474 3087 Idus
1499 3026 1854 3099 Septembris.
1887 3024 1997 3080 Nec
2021 3023 2158 3078 mul-

569 3149 626 3193 to
657 3116 784 3209 post
811 3147 952 3189 uxor
989 3130 1111 3201 ejus
1153 3126 1333 3183 Gisela
1375 3139 1404 3178 a
1442 3121 1706 3192 Piligrino
1743 3116 2154 3187 archiepiscopo

568 3228 812 3286 Coloniae
835 3223 1022 3296 regina
1044 3219 1406 3281 benedicitur,
1429 3215 1490 3268 11
1549 3211 1666 3266 Kal.
1697 3210 1970 3266 Octobris.

2239 839 2316 880 ea:
2343 822 2674 893 Campaniae,
2706 821 2922 876 invasit.
2963 819 3104 874 Bern
3153 819 3322 874 abbas
3373 817 3589 889 Augim,
3646 817 3830 872 missis

2241 915 2470 971 Romam
2500 913 2712 970 eenohii
2737 914 2822 968 sui
2847 911 3162 984 privilegiis,
3191 927 3222 966 a
3250 910 3503 965 Johanne
3531 923 3675 978 papa
3704 910 3829 963 item

2239 1007 2584 1078 privilegium
2613 1020 2740 1060 cum
2769 1005 3050 1069 sandaliis,
3093 1012 3154 1058 ut
3203 1001 3612 1073 episcopalibus
3666 999 3830 1054 indu-

2241 1100 2441 1155 mentis
2469 1099 2669 1155 missas
2697 1106 2899 1169 ageret,
2927 1096 3150 1166 accepit.
3210 1093 3366 1150 Unde
3388 1109 3441 1169 _a
3487 1087 3832 1146 Warmanno

2241 1189 2661 1245 Constantiense
2688 1165 2948 1258 episcopo
2977 1165 3117 1257 apud
3146 1165 3533 1255 imperatorem
3562 1182 3726 1251 quasi
3747 1181 3830 1234 sui

2243 1296 2504 1353 penasor
2531 1279 2692 1336 cilicii
2720 1287 3033 1345 accusatus,
3063 1293 3128 1332 eo
3151 1291 3325 1346 usque
3350 1276 3420 1330 ab
3450 1275 3707 1343 utrisque
3741 1287 3833 1325 eo-

2243 1382 2476 1440 artatur,
2506 1374 2679 1428 donec
2702 1372 2842 1427 idem
2873 1386 2996 1426 cum
3025 1369 3288 1426 candaliis
3324 1367 3680 1438 privilegium
3732 1364 3831 1433 ipsi

2244 1467 2502 1537 episcopo
2530 1465 2787 1532 traderet,
2838 1465 3052 1534 publice
3097 1463 3151 1517 in
3181 1461 3378 1517 sinodo
3425 1474 3550 1526 sua,
3582 1457 3638 1511 id
3666 1465 3752 1511 est
3778 1457 3832 1510 ia

2246 1573 2378 1613 cena
2411 1556 2626 1611 Domini
2657 1557 2937 1627 sequentis
2959 1555 3109 1621 anni,
3141 1551 3564 1609 incendendum.
3584 1548 3712 1619 Ipso
3737 1562 3833 1601 an-

2246 1667 2319 1706 no
2373 1649 2823 1720 Bouchaugiense
2859 1649 3151 1704 ceuobium
3187 1646 3225 1700 2
3282 1644 3410 1700 Idus
3461 1642 3618 1698 Junii
3641 1641 3713 1672 "‘
3748 1639 3836 1695 in-

2247 1743 2440 1799 cendio
2466 1742 2677 1814 ﬂagrat.

2321 1836 2479 1891 1055.
2512 1834 2814 1906 Imperator
2838 1831 3045 1889 Odonis
3073 1831 3408 1902 provinciam
3447 1827 3722 1885 Gallicam
3767 1825 3832 1856 "'

2173 1931 2217 1987 Β
2243 1929 2504 1984 invadens
2529 1927 2909 1998 Campaniam,
2940 1933 3052 1980 tam
3080 1923 3173 1979 diu
3202 1921 3457 1986 vastavit,
3487 1921 3671 1974 donec
3725 1917 3836 1988 ipse

2250 2019 2367 2077 Odo
2396 2021 2622 2091 supplex
2673 2019 2988 2084 adveniens,
3043 2013 3477 2072 satisfactionem
3526 2012 3659 2066 licet
3717 2011 3838 2065 ﬁcte

2248 2113 2610 2185 promitteret.
2659 2110 2848 2166 Romae
2888 2107 3148 2163 defuncto
3193 2104 3465 2168 Iohanne,
3513 2102 3841 2158 Benedictus

2250 2206 2343 2275 IX,
2368 2207 2463 2278 qui
2491 2214 2545 2261 et
2572 2202 3017 2274 Theophilactus,
3039 2214 3179 2270 papa
3198 2198 3382 2263 1.19m,
3406 2196 3538 2252 licet
3565 2204 3725 2250 tanto
3747 2209 3836 2248 or-

2249 2301 2365 2358 dini
2389 2297 2666 2370 indignus,
2695 2295 2836 2350 sedit
2863 2295 3022 2348 annis
3051 2293 3175 2362 plus
3207 2290 3292 2344 12.

2322 2391 2480 2448 1034.
2519 2389 2818 2460 Imperator
2857 2383 3225 2456 Burgundiam
3275 2387 3499 2452 petens,
3553 2376 3666 2433 sibi
3723 2389 3842 2430 eam

2251 2483 2500 2554 subjecit.
2523 2479 2861 2536 Constantia:
2891 2475 3231 2530 Warmanno
3262 2470 3522 2541 episcopo
3559 2466 3841 2523 defuncto-

2253 2575 2519 2632 successit
2573 2570 2943 2626 Eberhardus.
3000 2564 3354 2636 Meginhardo
3403 2556 3845 2630 Winiburgensi

2253 2668 2509 2740 episcopo
2542 2663 2713 2728 Brun,
2750 2663 2893 2717 ﬁlius
2925 2659 3198 2715 Mathildis
3219 2654 3507 2712 successit.

2330 2759 2484 2816 1055.
2526 2756 2764 2813 Sinodus
2788 2769 2987 2825 magna
3008 2751 3151 2823 apud
3175 2747 3484 2805 Triburiam
3509 2745 3582 2801 ab
3607 2744 3846 2814 impera-

2253 2863 2374 2911 tore
2402 2851 2628 2908 collecta
2655 2857 2756 2904 est.
3659 2832 3662 2836 ’

2326 2944 2486 3000 1056.
2525 2942 2787 3014 Piligrino
2841 2935 3155 2994 Coloniensi
3217 2929 3637 3000 archiepiscopo
3686 2924 3843 2980 Heri-

2255 3052 2514 3101 nannus,
2536 3031 2856 3090 Gebehardo
2889 3029 3130 3086 secundo
3160 3021 3553 3095 Ratisponensi
3586 3019 3845 3089 episcopo

2255 3130 2513 3188 defuncto
2558 3127 2761 3182 tercius
2809 3122 3161 3180 Gcbehardus
3214 3115 3499 3174 successit.
3558 3111 3846 3167 Heinricus

2256 3240 2373 3291 rex,
2400 3223 2544 3278 ﬁlius
2578 3207 2947 3290 imperatoris,
2983 3211 3390 3275 Cbunihildem,
3432 3204 3709 3262 Gnutonis
3737 3201 3845 3254 Da.

643 3319 800 3376 1025.
842 3285 1082 3372 Rebellio
1104 3321 1292 3369 contra
1321 3306 1670 3364 Counradum
1697 3318 1878 3374 regem
1911 3317 1941 3356 a
1966 3300 2153 3356 Conn--
2182 3285 2224 3342 C
2258 3285 2455 3375 nor'um
2481 3321 2536 3369 et
2552 3285 2848 3384 Anz—lorum
2887 3309 3030 3380 regis
3054 3305 3223 3361 ﬁliam
3245 3301 3348 3358 sibi
3376 3298 3522 3370 apud
3549 3295 3846 3351 Novium.

570 3414 703 3470 rado
719 3412 835 3483 ejus
856 3407 1100 3482 patruele
1119 3412 1174 3461 et
1196 3403 1434 3458 Ernusto
1454 3400 1593 3456 duce
1612 3395 1948 3452 Alemannis:
1959 3401 2013 3449 et
2032 3392 2155 3448 aliis

569 3521 738 3580 quam
772 3503 1020 3576 pluribus
1043 3506 1128 3556 est
1155 3496 1318 3553 facta.

645 3596 804 3652 1026.
844 3595 956 3648 Rex
978 3588 1302 3647 Counradus
1335 3584 1545 3641 Italiam
1569 3592 1778 3654 petens,
1809 3588 1981 3634 totam
2021 3591 2159 3648 pene

575 3689 680 3746 sibi
703 3685 1014 3757 subjugavit
1043 3697 1109 3737 ex
1133 3681 1237 3735 hac
1265 3686 1419 3749 parte
1439 3675 1644 3729 Romae.
1679 3671 2017 3727 Constantia:
2036 3677 2161 3740 post

573 3779 893 3836 IIeimonem
933 3775 1248 3846 episcopum
1301 3768 1670 3824 Warmanuus
1723 3761 1961 3837 praefuit,
1998 3760 2160 3817 annis

573 3873 746 3930 ferme
767 3873 820 3928 8.

648 3965 804 4020 1027.
847 3958 1172 4018 Counradus
1198 3973 1292 4014 rex
1339 3954 1570 4012 Romam
1621 3952 1966 4024 perveniens,
1997 3966 2028 4005 a
2063 3947 2160 4004 Jo-

575 4063 756 4118 hanne
783 4074 920 4131 papa
949 4058 1006 4113 in
1032 4055 1120 4112 die
1148 4061 1339 4110 sancto
1367 4050 1586 4123 paschae
1607 4049 1905 4119 imperator
1931 4058 2163 4100 corona-

576 4164 686 4210 tur.
717 4152 847 4207 Inde
895 4151 951 4206 in
996 4145 1378 4204 Alemanniam
1418 4155 1694 4205 reversus,
1760 4138 1904 4208 apud
1946 4134 2163 4192 Ulmam

577 4251 875 4306 Ernustum
898 4245 1091 4301 ducem
1118 4249 1173 4297 et
1184 4237 1556 4304 Counradum,
1583 4250 1642 4291 se
1657 4233 1733 4289 illi
1760 4232 2036 4296 dedentes,
2058 4230 2168 4285 exi-

575 4347 656 4403 Iio
683 4342 981 4416 deputavit.

650 4415 814 4494 1028.
856 4431 1144 4488 Heinricus
1207 4428 1354 4484 ﬁlius
1400 4421 1768 4496 imperatoris,
1833 4415 2166 4490 Aquisgrani

577 4544 677 4586 rex
706 4528 933 4592 electus,
961 4539 993 4577 a
1019 4519 1285 4592 Piligrino
1311 4515 1642 4573 Coloniense
1668 4509 2080 4580 archiepiscopo
2108 4509 2166 4563 in

578 4624 668 4680 die
698 4628 890 4679 sancto
917 4615 1135 4690 paschae
1154 4620 1241 4668 est
1266 4617 1487 4666 unctus.

653 4716 812 4772 1029.
854 4712 1002 4766 Brun
1029 4704 1392 4779 Augustensis
1420 4700 1710 4774 episcopus
1737 4696 1873 4754 obiit
1899 4705 1955 4752 et
1996 4694 2164 4751 Eber-

585 4813 818 4868 hardum
846 4804 1055 4876 accepit
1082 4813 1476 4858 successorem.

661 4905 817 4960 1030.
858 4902 1062 4956 Ernust
1089 4897 1198 4953 dux
1224 4893 1389 4948 exilio
1415 4891 1715 4954 relaxatus,
1746 4885 2055 4954 iterumque
2069 4883 2168 4938 im-

588 4994 827 5066 peratori
855 4991 1147 5055 rebellans,
1195 5000 1321 5043 cum
1367 4982 1556 5039 multis
1619 4979 1741 5036 aliis
1787 4975 2055 5032 occiditur
2099 4973 2166 5029 16

587 5088 708 5142 Kal.
739 5082 1091 5155 Septembris.

663 5176 790 5204 antu
868 5176 1025 5204 A..:tm
1065 5165 1396 5204 Μαι-ηηοῖηοῖ
1427 5163 1868 5204 ornhinnicnnnnc
1896 5160 2047 5204 Ωὲξὲἓε-
2068 5159 2169 5204 εἶειὶ

2258 3423 2386 3480 gum
2435 3383 2709 3477 regalibus
2743 3400 2950 3472 nuptiis
3000 3394 3272 3468 copulavit
3322 3403 3579 3446 uxorem.
3639 3383 3848 3440 Leutizi

2261 3477 2441 3556 Sclavi
2476 3494 2792 3568 imperatori
2827 3490 3115 3563 vectigales
3139 3485 3287 3542 facti.
3332 3481 3642 3553 Imperator
3673 3477 3848 3533 hieme

2258 3589 2469 3646 Italiam
2504 3587 2658 3658 petit.

2329 3657 2817 3747 1037.71mperator
2835 3671 3060 3743 Papiam
3097 3668 3304 3731 adiens,
3342 3663 3696 3719 IIeribertum
3738 3657 3845 3712 Me-

2259 3771 2630 3829 diolanensem
2657 3766 3144 3837 archiepiscopum,
3169 3755 3507 3815 inﬁdelitatis
3531 3760 3847 3808 accusatum

2262 3865 2318 3921 in
2338 3862 2644 3920 custodiam
2671 3859 2850 3925 misit;
2875 3855 2968 3927 qui
2996 3854 3122 3924 iuga
3145 3852 3384 3921 elapsus,
3407 3847 3630 3903 cunctis
3646 3843 3848 3898 viribus

2262 3954 2577 4028 imperatori
2616 3951 2878 4010 rebellare
2913 3945 3210 4004 contendit.
3246 3941 3556 4011 Imperator
3599 3934 3848 3992 Mediola-

2265 4026 2396 4105 num
2421 4045 2652 4112 obsedit,
2683 4052 2738 4099 et
2775 4042 3200 4110 circumquaque
3226 4032 3485 4105 quaelibet
3519 4030 3593 4086 ad
3629 4026 3849 4084 rebelles

2265 4139 2586 4213 pertinentia
2609 4134 2929 4192 devastavit.
2958 4130 3075 4188 Odo
3096 4132 3349 4200 princeps
3379 4122 3609 4179 Gallicae
3631 4119 3852 4188 Campa-

2266 4237 2371 4291 niw
2398 4250 2429 4289 a
2463 4231 2755 4288 Gozzilonc
2785 4225 3245 4294 Lotharingorum
3287 4219 3427 4274 duce
3456 4231 3650 4288 pugna
3683 4213 3853 4268 victas

2267 4326 2609 4398 fugiensque,
2632 4337 2663 4376 a
2684 4318 2922 4390 quodam
2957 4314 3127 4370 milite
3152 4309 3438 4366 occiditur.

2340 4396 2500 4472 1038.
2535 4413 2834 4484 Imperator
2857 4423 2982 4465 cum
3004 4404 3240 4462 natalem
3264 4399 3481 4454 Domini
3499 4396 3722 4451 Parma
3743 4407 3856 4463 age-

2268 4519 2372 4578 ret,
2423 4517 2546 4564 orto
2582 4503 2819 4561 tumultu
2867 4501 3012 4556 inter
3057 4497 3382 4552 Parmenses
3430 4498 3488 4546 et
3530 4487 3850 4543 exercitum.

2270 4573 2546 4669 utrimque
2574 4595 2752 4661 multi,
2784 4599 2868 4647 set
2892 4605 2957 4646 ex
2999 4583 3387 4643 Parmensibus
3413 4579 3628 4650 plures,
3660 4573 3855 4632 cecide-

2269 4699 2417 4758 runt,
2442 4663 2498 4745 et
2532 4688 2649 4759 ipsa
2681 4683 2874 4740 civitas
2914 4678 3168 4736 incendio
3207 4679 3534 4740 consumpta
3577 4676 3685 4724 est.
3717 4663 3853 4734 Papa

2267 4754 2739 4853 archiepiscopum
2797 4764 3253 4829 Mediolanensem
3307 4761 3636 4834 imperatori
3682 4754 3852 4815 rebel-

2269 4878 2375 4937 lem
2397 4846 2908 4932 excommunicavit.
2923 4860 3274 4921 Chunihildis
3296 4856 3508 4927 regina,
3533 4866 3684 4908 uxor
3701 4846 3857 4903 [lein-

2268 4970 2371 5027 rici
2398 4967 2562 5039 regis,
2587 4964 2654 5020 17
2680 4961 2798 5016 Kal.
2825 4955 3077 5030 Augusti,
3105 4961 3158 5008 et
3184 4950 3552 5006 IIerimannus
3594 4943 3711 5000 dux
3738 4940 3855 4994 Ale-

2271 5031 2488 5118 manin
2510 5031 2555 5116 δέ
2579 5055 2699 5112 Kal.
2749 5050 3000 5123 Augusti,
3048 5062 3176 5103 cum
3215 5042 3401 5099 multis
3435 5039 3560 5094 aliis
3618 5035 3675 5090 in
3709 5031 3855 5088 Italia

2273 5155 2544 5204 obierunt.
2590 5149 2902 5204 Stephanus
2931 5157 3027 5198 rex
3067 5136 3431 5204 ngariorum
3465 5131 3628 5186 bona:
3651 5138 3856 5181 memo-
