3996 5474
225 163 340 223 1361

1086 165 1376 226 ΔΡΡΕΝῙ).
1414 167 1502 225 111.
1542 201 1614 212 -
1650 167 2086 226 ΜΟΝυΜΕΝΤΑ
2117 165 2585 226 GREGORIANA.

3327 160 3469 220 1363

282 276 432 333 1059.
478 272 807 334 Counradus
836 276 1132 350 imperator
1159 282 1195 336 3
1226 280 1414 338 Nonas
1448 281 1596 339 Junii
1633 282 1788 339 obiit.
1823 285 1869 342 A
1893 282 2145 339 discessit
2165 324 2181 350 ,
2226 291 2282 337 et
2336 281 2656 339 Gratianum
2680 321 2697 348 ,
2727 278 2952 337 nomine
2998 275 3322 354 Gregorium
3379 275 3471 345 Vl,

212 370 310 426 Pro
328 382 437 439 quo
470 365 762 426 Heinricus
788 385 884 427 rex
911 368 1057 429 ﬁlius
1082 372 1205 443 ejus
1230 374 1495 445 regnavit.

275 460 431 516 low.
461 457 751 517 licinricus
771 475 868 518 rex
891 461 1087 519 ducem
1112 462 1348 523 Boemitc
1365 464 1510 522 bello
1527 465 1680 537 petit,
1704 474 1788 523 set

209 552 385 608 multis
399 552 722 622 proceribus
742 561 801 610 et
824 553 1090 612 militibus
1112 556 1169 610 in
1194 558 1614 627 prastructione
1635 557 1788 614 silva:

208 644 337 700 citra
372 654 427 701 et
458 645 604 701 ultra
644 646 849 703 occisis
876 646 964 702 vel
987 648 1184 718 captis,
1206 648 1286 705 nil
1316 648 1543 720 dignum
1575 648 1787 708 edicere

209 737 379 809 mit
398 736 489 804 ⁸⁸⁸,
521 734 839 794 Eberhardo
857 739 1037 809 primo
1070 737 1508 814 Babenbergensi
1528 742 1786 814 episcopo

209 826 477 892 defuncto,
510 826 845 901 Suidegerus
858 831 1146 887 successit.

277 918 429 974 1041.
456 915 682 989 Ungarii
723 922 997 992 quendam
1036 920 1281 981 Ovonem
1310 923 1418 981 sibi
1440 939 1625 997 regem
1649 940 1783 983 con-

208 1010 489 1067 stituentes
519 1010 614 1077 "',
650 1008 876 1069 Petrum
913 1028 1097 1087 regem
1130 1029 1294 1072 suum
1338 1016 1636 1087 expellunt.
1675 1016 1782 1086 Qui

206 1100 463 1173 profugus
497 1102 725 1172 et-exul,
751 1101 988 1162 Heinrici
1038 1107 1184 1180 regis
1212 1109 1467 1180 gratiam,
1496 1109 1586 1165 cui
1613 1109 1782 1181 priori

206 1207 346 1247 anno
365 1192 742 1262 rebellaverat,
777 1197 961 1267 querit
1005 1205 1063 1253 et
1106 1198 1333 1255 invenit.
1370 1197 1658 1257 Heinricus
1685 1215 1779 1257 rex

204 1281 476 1340 Boemiam
515 1300 642 1343 cum
687 1288 930 1344 exercitu
983 1289 1285 1362 ingressus,
1331 1290 1457 1363 igne
1490 1291 1782 1363 praedaque

200 1383 393 1431 cuncta
424 1375 691 1444 devastat,
725 1386 781 1435 et
803 1379 1057 1435 rebellem
1085 1379 1280 1436 ducem
1299 1382 1521 1438 obsides
1551 1382 1703 1450 dare,
1726 1391 1783 1438 et

202 1465 374 1537 ipsum
398 1476 525 1549 post
558 1482 620 1523 se
660 1468 1016 1541 Ratisponam
1040 1472 1110 1527 ad
1135 1471 1470 1530 deditionem
1502 1474 1780 1529 humiliter

199 1557 400 1623 venire,
430 1559 652 1630 sibique
666 1561 1027 1633 jurejurando
1047 1563 1359 1622 fidelitatem
1388 1565 1780 1639 servitiumque

197 1649 526 1707 conﬁrmare
552 1659 765 1709 coartat
798 1654 869 1688 ’“

264 1741 422 1796 1042.
454 1740 573 1799 Ovo
616 1742 983 1818 Ungariorum
1026 1755 1314 1821 tyrannus,
1345 1763 1474 1806 cum
1519 1746 1783 1820 Bajoaria':

196 1828 329 1887 ﬁnes
370 1831 703 1904 devastaret,
756 1838 995 1894 maxima
1044 1854 1172 1910 pars
1224 1840 1501 1897 exercitus
1548 1841 1669 1911 ejus
1710 1842 1782 1898 ab

193 1921 488 1980 Adalberto
512 1927 830 1985 marcbione
862 1929 1004 1986 bello
1028 1931 1238 1988 devicta
1272 1933 1452 2002 periit.
1494 1930 1780 1995 Heinricus

192 2027 284 2069 rex
306 2013 629 2075 Pannonias
648 2028 860 2089 petens,
886 2022 1052 2079 urbes
1071 2022 1315 2079 munitas
1334 2023 1553 2091 delevit,
1577 2032 1633 2080 et
1660 2025 1781 2097 plu-

192 2105 582 2166 res'deditione
601 2110 853 2181 subjecit.
890 2111 958 2169 Et
988 2113 1119 2169 dum
1146 2112 1371 2171 Petrum
1407 2130 1590 2189 regem
1617 2132 1779 2172 suum

189 2196 429 2269 recipere
449 2201 681 2271 nollent,
703 2203 897 2260 ducem
921 2206 1002 2261 eis
1021 2205 1295 2276 quendam
1314 2206 1557 2277 praefecit
1578 2226 1594 2275 ;
1616 2222 1778 2278 quem

415 2300 551 2362 post
582 2294 705 2365 ejus
754 2295 1060 2353 discessum
1104 2296 1221 2355 Ovo
1274 2298 1331 2354 in
1364 2298 1646 2357 Boemiata
1689 2317 1778 2356 re-

186 2395 256 2436 nu

185 2381 342 2451 pulit.

253 2473 414 2532 1043.
452 2474 747 2536 Heinricus
780 2495 875 2537 rex
898 2482 1094 2537 iterum
1122 2480 1439 2540 Pannonias
1467 2492 1680 2555 petens,
1711 2484 1781 2539 ab

182 2564 386 2635 Ovone,
403 2569 499 2624 vix
523 2579 746 2640 pactum
769 2572 1114 2643 impetrante,
1128 2584 1381 2646 suscepta
1405 2575 1781 2632 satisfactione

181 2667 237 2715 et
254 2662 588 2719 muneribus
606 2663 879 2721 discessit.
896 2665 1024 2723 Inde
1046 2668 1105 2723 in
1127 2668 1509 2724 Alemanniam
1531 2668 1777 2733 veniens,

182 2749 236 2804 in
257 2750 460 2807 sinodo
489 2753 902 2814 Constantiensi
940 2759 1156 2816 cunctis
1175 2760 1273 2830 qui
1301 2769 1495 2816 eorum
1521 2775 1647 2815 cura
1684 2759 1780 2815 de-

179 2840 460 2913 liquerant
479 2859 647 2901 omne
669 2846 913 2904 debitum
934 2850 1053 2920 ipse
1070 2851 1298 2908 dimisit.
1327 2850 1552 2922 Hocque
1568 2858 1623 2908 et
1643 2852 1781 2908 alios

177 2936 295 2992 suis
326 2936 680 2997 debitoribus
702 2939 885 2999 facere
904 2943 1226 3012 adhortans,
1255 2945 1560 3001 ineruditum
1590 2944 1781 3000 multis

172 3031 380 3087 seculis
404 3046 604 3103 pacem
626 3032 823 3090 effecit.
851 3033 987 3092 Post
1020 3037 1139 3094 hac
1167 3038 1434 3110 Agnetem
1457 3038 1779 3095 Willihelmi

174 3119 548 3181 Pictaviensis
569 3125 736 3181 tiliam
766 3128 1063 3198 accipiens,
1087 3136 1144 3186 et
1170 3127 1509 3201 Mogonciaci
1533 3130 1777 3202 reginam

171 3215 343 3287 ungui
400 3215 644 3283 faciens,
680 3219 891 3290 regales
948 3220 1093 3292 apud
1142 3219 1510 3293 lngelenheim
1558 3222 1780 3292 nuptias

170 3306 498 3363 celebravit.
539 3306 620 3365 ibi
651 3308 995 3382 Liutpaldus,
1029 3312 1307 3371 Adalberti
1346 3314 1687 3371 marchionis
1710 3313 1777 3370 fi-

167 3397 298 3466 lius,
321 3399 490 3457 obiit.

237 3490 405 3547 1044.
440 3489 675 3549 Gozzilo
694 3492 806 3550 dux
846 3493 1309 3569 Lotharingorum
1333 3497 1598 3566 moriens,
1632 3497 1778 3556 Goz-

164 3582 334 3640 ailoui
383 3583 513 3641 ﬁlio
558 3599 683 3654 suo,
705 3588 959 3659 quamvis
992 3589 1214 3661 ignavo,
1247 3588 1510 3646 ducatum
1545 3605 1708 3647 suum
1745 3607 1778 3649 a

160 3689 292 3747 rege
335 3674 617 3734 Heinrico
652 3679 987 3748 promissum
1030 3679 1270 3753 reliquit.
1322 3679 1421 3737 Set
1468 3681 1607 3738 alter
1632 3682 1779 3739 filius

156 3763 285 3835 ejus
315 3764 678 3836 Gotefridus,
709 3767 1030 3837 jamdudum
1058 3770 1191 3836 dux,
1220 3785 1348 3827 eum
1374 3771 1635 3827 ducatum
1666 3770 1778 3828 fra-

155 3857 232 3913 tri
255 3857 529 3914 debitum
559 3873 592 3913 a
613 3873 738 3930 rege
756 3861 1006 3917 obtinere
1026 3860 1328 3932 nequisset,
1359 3861 1452 3932 pio
1472 3861 1587 3932 regi
1611 3860 1781 3917 rebel-

156 3944 275 4002 lare
297 3947 628 4019 praesumit.
671 3946 960 4006 Heinricus
979 3965 1071 4005 rex
1101 3965 1274 4021 parvo
1305 3950 1548 4007 exercitu
1586 3959 1778 4007 contra

154 4038 570 4107 gravissimam
600 4036 966 4112 Ungariorum
994 4050 1211 4114 gentem
1233 4040 1303 4075 '”
1327 4039 1544 4098 fortiter
1570 4056 1778 4113 pugna-

151 4129 254 4198 vit,
280 4139 341 4187 et
369 4130 542 4189 vicit.
574 4128 817 4187 Ovonem
867 4139 1158 4203 tyrannum
1208 4133 1435 4204 fugavit,
1470 4143 1527 4190 et
1557 4132 1777 4190 Petrum

150 4224 468 4292 expulsum
513 4223 767 4293 pristinae
812 4223 1065 4295 dignitati
1106 4226 1366 4282 restituit.
1413 4224 1608 4283 Postea
1647 4240 1779 4283 vero

150 4311 360 4372 Petrus
384 4316 466 4371 ‘in
504 4330 680 4387 regno
712 4315 1076 4383 confortatus,
1110 4316 1347 4374 eundem
1373 4316 1619 4375 Ovonem
1651 4333 1777 4374 cum
1810 4349 1854 4405 Β

151 4422 333 4466 uxore
349 4416 414 4465 et
450 4408 592 4465 tiliis
621 4409 1100 4478 comprehensum,
1125 4409 1432 4467 decollavit.
1461 4407 1660 4482 Magna
1694 4409 1779 4465 vis

148 4498 324 4560 famis
362 4502 642 4559 homines
689 4502 970 4558 innnunda
1008 4502 1266 4559 animalia
1292 4501 1580 4559 comedere
1602 4502 1781 4573 coegit

148 4592 243 4648 ²⁶⁸.
271 4592 539 4649 Romani
564 4592 635 4626 ’⁸³
656 4591 1013 4652 Benedictum
1032 4610 1229 4667 papam
1262 4608 1365 4665 pro
1386 4594 1459 4627 ’“
1481 4594 1779 4651 sceleribus

147 4686 222 4720 '“
250 4687 381 4743 suis
404 4684 487 4719 '“
514 4685 819 4755 expellunt,
846 4696 903 4741 et
924 4687 1197 4759 quendam
1230 4686 1554 4743 Silvestrum
1581 4702 1777 4760 papam

148 4779 340 4837 150“
378 4779 463 4813 '“
493 4787 707 4836 temere
738 4780 810 4812 ’“
839 4781 1214 4849 constituunt;
1244 4794 1410 4851 quem
1451 4788 1636 4836 tamen
1676 4781 1779 4836 Be-

1815 1635 1856 1691 Β

1806 3012 1848 3070 C

147 4870 421 4926 nedictus
454 4881 611 4939 papa
658 4870 1007 4938 postmodum
1050 4867 1415 4939 quorundam
1447 4866 1656 4925 auxilio
1688 4884 1781 4924 cx-

147 4963 338 5034 pellit;
375 4962 630 5035 ipseque
656 4975 771 5016 sua:
789 4962 904 5018 sedi
924 4960 1188 5028 redditus,
1210 4966 1407 5035 sponte
1429 4958 1499 4991 '“
1521 4976 1552 5017 a
1573 4970 1779 5035 papatu

1889 388 2084 444 papam
2115 371 2315 440 151“,
2352 386 2454 444 pro
2482 386 2542 429 se
2580 368 2824 427 ordinari
2870 367 3137 442 permisit,
3189 382 3335 422 anno
3366 364 3452 421 Do

1889 464 2025 519 mini
2058 464 2216 521 1046.

1959 554 2121 611 1045.
2148 554 2279 611 Otto
2307 554 2588 611 Palatinus
2610 567 2816 621 comes,
2839 552 2949 609 dux
2978 551 3311 608 Alemanniae
3336 566 3471 605 con-

1886 646 2149 703 stituitur.
2196 645 2393 705 Petrus
2421 663 2517 704 rex
2545 644 2931 720 Ungariorum,
2966 643 3221 701 licinrico
3264 642 3377 716 regi
3404 638 3472 696 ad

1885 753 1946 796 se
1988 739 2239 807 invitato,
2286 755 2516 814 regnum
2553 739 2963 796 Pannoniarum
3009 738 3267 807 tradidit;
3323 736 3473 808 quod

1883 839 2067 888 tamen
2088 831 2159 887 ab
2190 845 2258 889 eo
2281 831 2419 904 ipse,
2463 831 2595 889 dum
2626 832 2834 888 viveret
2865 830 3275 903 possidendum,
3317 842 3473 886 rece-

1882 923 1982 996 pit.
2029 921 2180 978 Brun
2234 921 2709 993 Wuniburgensis
2757 922 2829 953 '“
2876 920 3167 993 episcopus
3215 919 3385 989 obiit,
3439 916 3470 970 7

1883 1010 2109 1069 Kalend.
2153 1010 2324 1068 Junii.
2369 1010 2680 1069 Gotefridus
2723 1011 2832 1068 dux
2885 1011 2953 1068 ad
2983 1010 3317 1066 deditionem
3357 1023 3469 1080 regi

1885 1105 2126 1171 veniens,
2170 1104 2227 1161 in
2257 1102 2564 1160 custodiam
2598 1103 2852 1159 mittitur.
2890 1101 3100 1158 Lcutici
3134 1117 3194 1159 se
3228 1100 3341 1172 regi
3376 1099 3471 1157 dc-

1881 1197 2040 1265 dunt,
2066 1205 2122 1254 et
2148 1195 2373 1253 solitum
2392 1210 2619 1253 censum
2640 1195 2985 1267 promittunt.
3010 1191 3349 1249 Guntharius
3373 1191 3469 1247 he—

1881 1288 2077 1344 remita
2116 1288 2186 1344 ad
2214 1286 2495 1345 Christum
2525 1286 2799 1359 migravit,
2829 1294 2885 1342 et
2918 1286 2976 1341 in
3011 1284 3206 1359 Braga,
3235 1283 3471 1340 Boemitc

1879 1380 2016 1437 urbe
2035 1380 2105 1413 ⁸⁸⁷
2129 1380 2375 1451 sepultus
2398 1378 2654 1450 quiescit.
3053 1438 3061 1447 δ

1955 1471 2111 1528 1016.
2160 1470 2275 1528 Rex
2326 1470 2660 1544 Aquisgrani
2728 1469 2782 1525 in
2825 1477 3139 1540 pcntecoste
3192 1465 3471 1523 Gotcfrido
3546 1496 3562 1513 ι

1878 1566 2027 1634 duci,
2058 1583 2089 1622 e
2108 1567 2361 1623 custodia
2384 1565 2649 1632 relaxato,
2673 1564 2934 1621 ducatum
2958 1561 3220 1628 reddidit;
3243 1573 3297 1616 ct
3324 1559 3472 1615 κνίδ-

1883 1672 2013 1730 gero
2058 1655 2329 1713 Ravennae
2383 1655 2626 1728 praesuli,
2674 1654 2905 1710 nimium
2956 1653 3187 1718 creduli,
3226 1650 3469 1707 nondum

1881 1748 2604 1819 consecrato,episcopatum
2615 1743 3091 1815 abstulit.Ungarii
3105 1757 3284 1814 regem
3308 1757 3469 1797 suum

1882 1836 2104 1895 Petrum
2141 1838 2317 1896 oculis
2337 1837 2576 1909 privent,
2598 1845 2654 1893 et
2686 1850 2786 1907 pro
2806 1851 2873 1891 eo
2894 1833 3165 1907 quendam
3196 1831 3471 1887 Andream

1881 1944 2065 2001 regem
2117 1937 2383 1986 statuunt.
2425 1926 2680 1985 Heinrico
2715 1925 2830 1998 regi
2871 1941 2998 1981 cum
3041 1922 3382 1996 expeditione
3415 1921 3473 1976 in

1882 2020 2093 2076 italiam
2122 2021 2383 2087 venienti,
2414 2018 2711 2077 Gratianus
2744 2033 2905 2090 papa,
2936 2015 3160 2073 nomine
3186 2014 3257 2047 ’⁸⁸
3282 2016 3493 2072 sextus

1883 2114 1955 2148 ³⁸⁸
1984 2113 2281 2187 Gregorius
2309 2112 2402 2181 “°,
2431 2127 2594 2183 quem
2637 2110 2872 2168 Romani
2909 2109 3152 2181 expulsis
3192 2105 3471 2179 prioribus

1882 2214 2212 2272 statuerant,
2237 2203 2527 2262 Placentiae
2543 2204 2792 2270 obvians,
2816 2201 3116 2257 honorifice
3136 2199 3469 2269 suscipitur;

1882 2300 1976 2371 qui
2004 2309 2183 2355 tamen
2215 2299 2563 2370 postmodum
2600 2296 2742 2368 apud
2774 2294 3015 2351 Sutriam
3044 2293 3098 2348 in
3129 2292 3338 2366 synodo
3361 2307 3471 2345 non

1884 2393 1954 2425 "’
1981 2392 2186 2447 invitus
2223 2391 2498 2463 pastorale
2526 2389 2763 2445 cilicium
2799 2385 3054 2457 deposuit
3081 2385 3172 2440 ²⁶⁹.
3218 2383 3325 2439 Pro
3360 2398 3472 2455 quo

1883 2482 2215 2555 Suidcgerus
2259 2480 2727 2554 Babenbergensis
2768 2478 3062 2549 episcopus
3104 2476 3335 2531 nimium
3382 2490 3471 2527 re—

1882 2577 2119 2643 luctans,
2145 2574 2396 2632 omnium
2430 2587 2703 2630 consensu
2730 2570 2967 2641 cligitur.
3019 2568 3080 2623 In
3123 2577 3369 2637 tempore
3400 2566 3473 2597 ’⁷⁸

1883 2668 2049 2738 hujus
2085 2665 2371 2737 apostolici
2411 2662 2839 2720 innumerabiles
2879 2667 3225 2716 terrmmotus
3254 2666 3309 2714 et
3353 2673 3471 2712 ma-

1881 2759 2017 2814 ximi
2048 2758 2101 2813 in
2131 2756 2282 2812 Italia
2325 2755 2457 2812 facti
2483 2763 2631 2822 sunt,
2664 2762 2719 2809 ct
2745 2753 2852 2809 hoc
2887 2751 3120 2807 fortasse
3159 2749 3301 2815 ideo,
3342 2748 3471 2820 quia

1882 2852 2025 2908 idem
2058 2849 2396 2921 apostolicus
2423 2862 2539 2904 non
2558 2845 2824 2903 canonice
2852 2843 3183 2914 subrogatus
3206 2849 3289 2896 est
3311 2847 3467 2895 antc-

1882 2942 2090 3001 cessori
2114 2957 2240 3011 suo,
2271 2956 2383 2998 non
2409 2939 2675 2998 canonice
2701 2936 2953 3008 deposito
2978 2954 2995 3003 ;
3018 2933 3269 2990 videlicet
3304 2948 3468 3004 quem

1881 3035 2028 3090 nulla
2051 3033 2210 3106 culpa
2232 3033 2506 3103 deposuit,
2531 3038 2614 3087 set
2637 3029 2867 3100 simplex
2898 3027 3179 3083 humilitas
3201 3024 3270 3080 ab
3291 3022 3470 3080 ofiicio

1879 3141 2095 3183 cessare
2116 3123 2392 3195 persuasit
2413 3124 2503 3177 "°.
2529 3120 2881 3177 Eberhardus
2900 3117 3339 3175 Constantiensis
3354 3116 3470 3189 epi-

1878 3233 2081 3289 scopus
2106 3216 2293 3273 Roma:
2313 3215 2471 3281 obiit,
2500 3229 2600 3284 pro
2623 3227 2736 3284 quo
2763 3210 3154 3268 Theodericus.

1950 3308 2108 3365 1047.
2147 3307 2209 3364 In
2235 3307 2355 3379 ipso
2382 3306 2583 3362 natalis
2607 3303 2825 3359 Domini
2850 3302 2938 3358 die
2964 3300 3295 3373 Suidegerus
3319 3314 3458 3372 papa

1881 3400 2042 3456 152υ⁶
2067 3401 2134 3432 ’ν’
2162 3414 2232 3455 ex
2262 3413 2415 3454 more
2460 3406 2843 3461 consecratus,
2891 3395 3143 3452 Clemens
3180 3392 3228 3448 il
3250 3401 3335 3448 est
3372 3406 3469 3445 vo-

1877 3499 2076 3558 catus;
2111 3488 2253 3547 sedit
2294 3488 2577 3544 mensibus
2614 3502 2831 3543 novem.
2884 3484 2989 3555 Qui
3040 3499 3170 3540 mox
3221 3483 3339 3555 ipsa
3381 3481 3470 3538 die

1878 3579 2195 3639 Heinricum
2215 3595 2397 3652 regem
2420 3593 2546 3635 cum
2579 3577 2810 3649 conjuge
2833 3592 2931 3632 sua
2961 3574 3168 3648 Agncte
3199 3572 3466 3646 imperiali

1877 3673 2259 3730 benedictione
2289 3670 2622 3728 sublimavit.
2661 3668 2964 3725 llunfridus
3001 3667 3275 3723 Ravennae
3304 3664 3470 3721 cilici-

1877 3772 1969 3820 tur
1991 3763 2470 3834 archiepiscopus;
2497 3761 2863 3817 Beneventani
2895 3761 3062 3827 cives,
3096 3773 3316 3815 socrum
3359 3757 3467 3812 im-

1878 3854 2148 3927 peratoris
2166 3854 2234 3910 de
2262 3860 2451 3909 monte
2474 3851 2728 3923 Gargano
2750 3866 3025 3907 reversam
3060 3850 3199 3904 naalc
3224 3857 3467 3904 tractan-

1878 3955 1982 4014 tes,
2019 3945 2333 4017 imperatori
2384 3943 2668 4000 rebellant.
2726 3940 3028 4014 Imperator
3073 3954 3273 4011 corpus
3322 3938 3466 3991 beati

1879 4036 2153 4105 Widonis,
2182 4034 2490 4108 Pomposia:
2524 4032 2761 4100 abbatis,
2800 4034 2868 4089 de
2901 4030 3202 4088 Parmaensi
3248 4028 3466 4084 civitate

1881 4130 2098 4203 Spiram
2127 4144 2313 4186 secum
2340 4127 2638 4184 transtulit.
2677 4124 2861 4195 Poppo
2892 4123 3253 4178 Treverorum
3281 4118 3464 4174 archi-
3551 4193 3555 4196 ~

1878 4225 2170 4296 episcopus
2212 4220 2372 4288 obiit,
2415 4222 2515 4292 pro
2556 4232 2669 4290 quo
2714 4212 3117 4271 Heberhardus.
3151 4208 3466 4267 Gotcfridus

1878 4316 1990 4373 dux
2015 4323 2073 4371 et
2097 4312 2451 4369 Balduwinus
2474 4311 2541 4366 de
2562 4308 2817 4366 Flandris
2841 4303 3155 4378 imperatori
3178 4301 3461 4357 rebellant.

1879 4407 2015 4465 Item
2061 4404 2435 4462 Theodericus
2475 4401 2542 4458 de
2574 4398 2946 4468 Phladirtinga
2981 4396 3050 4429 ’⁷⁸
3084 4392 3331 4449 marchio
3379 4406 3466 4446 rc-

1879 4499 2047 4556 bellat
2070 4495 2417 4569 imperatori;
2445 4502 2637 4550 contra
2658 4506 2824 4563 quem
2852 4490 3146 4560 imperator
3165 4483 3464 4541 exercitum

1880 4606 2129 4656 movens,
2153 4604 2349 4660 parum
2379 4585 2625 4658 profecit.
2650 4583 2922 4647 Clemens,
2942 4580 3035 4651 qui
3059 4590 3113 4633 et
3133 4575 3467 4647 Suidegerus

1880 4697 2043 4754 papa,
2076 4682 2107 4735 7
2138 4682 2207 4713 ⁸⁷³
2249 4679 2376 4736 ldus
2405 4677 2474 4709 ’⁷³
2500 4675 2719 4732 Octobr.
2744 4672 2815 4705 ’⁷³
2836 4670 2992 4726 obiit.
3024 4665 3337 4727 Gotefridus
3357 4664 3468 4719 dux

1881 4774 2024 4831 inter
2042 4776 2149 4832 alia
2183 4788 2305 4845 quae
2332 4777 2523 4828 contra
2549 4782 2731 4838 regem
2765 4764 2913 4831 fecit,
2944 4760 3364 4818 Viridunensem
3387 4754 3468 4809 ci-

1883 4868 2112 4925 vitatem
2140 4861 2472 4925 combussit;
2502 4859 2665 4931 cujus
2692 4857 2957 4914 ducatum
2986 4856 3283 4928 imperator
3311 4845 3473 4905 Adal-

1889 4960 2043 5017 berto
2072 4961 2288 5020 cuidam
2317 4944 2553 5011 tradidit.

1478 5139 1715 5204 νΔΒΙιΕ
1762 5139 2167 5204 LECTIONES.

216 5306 295 5342 ⁸⁸⁸
334 5305 425 5354 im
453 5308 514 5354 et
542 5299 584 5355 4
612 5297 697 5353 4³³.
724 5298 775 5354 5.
852 5301 922 5335 ⁹⁸⁹
952 5297 1209 5358 eligentes
1236 5297 1292 5351 4.
1330 5294 1415 5348 4Ῐ).
1494 5296 1566 5329 ’⁸⁸
1608 5303 1689 5359 ita
1713 5306 1770 5356 et
1802 5294 1855 5351 4.

1896 5298 1983 5353 41»,
2029 5301 2086 5359 5,
2164 5297 2235 5335 ’⁸⁸
2273 5295 2413 5349 deest
2448 5287 2643 5362 lii-2.“
2668 5288 2738 5321 ’⁸⁸
2777 5281 3284 5361 Μθεηξιε-οοθᾳὶι
3318 5277 3502 5362 ἔταξε
