3996 5474
557 252 696 308 1505

1548 253 1638 308 ao
1674 252 1904 308 OPERA
1938 253 1994 308 s.
2036 237 2841 316 GREGORII'APPENDICES.

3693 261 3811 316 1563

623 364 780 423 1οι18.
808 327 1111 438 Imperator
1134 365 1388 423 Ottonem
1409 353 1487 422 de
1515 353 1788 425 Suinvurt'
1812 367 2006 425 Suevis
2032 351 2130 425 dué
2161 373 2207 430 Α
2234 370 2411 430 Bardo
2429 416 2444 440 ,
2509 373 2836 430 venerabilis
2903 371 3243 446 Mogonciaci
3301 373 3750 446 archiepiscopus
3783 379 3812 432 5

549 474 668 514 cem
698 458 1002 516 constituit.
1051 455 1286 531 Sanguis
1338 455 1553 514 Domini
1598 460 1741 531 apud
1767 461 1954 516 urbem
1985 459 2136 514 Man-

549 560 726 619 tuam,
759 559 818 606 ut
860 551 1122 618 creditur,
1149 551 1328 606 divina
1363 566 1458 622 per
1485 551 1757 622 quendam
1795 567 2000 608 caecum
2044 567 2132 606 re-

547 643 817 700 velatione
846 642 1140 700 invenitur.
1193 641 1334 697 Bern
1371 643 1541 698 abbas
1580 641 1890 714 Augicnsis,
1923 644 2007 699 vir
2036 644 2134 698 do-

547 735 722 790 ctrina
743 742 799 790 et
815 734 1060 791 moribus
1085 733 1336 805 insignis,
1357 734 1492 790 obiit
1513 753 1526 801 ;
1553 735 1640 790 cui
1658 733 1982 790 Oudalricus
2009 750 2135 790 suc-

545 827 729 882 cessit.
782 825 970 897 Poppo
1018 824 1318 882 Brixiensis
1360 826 1651 898 cpiscopus
1695 827 1765 882 ab
1807 827 2132 898 imperatore

543 918 770 984 electus,
813 916 1044 972 Romam
1075 917 1332 984 mittitur,
1361 927 1416 974 et
1461 918 1763 974 honoriﬁce
1811 925 2128 989 susceptus,

473 1060 482 1070 ,
542 1024 684 1080 papa
713 1009 874 1064 155!"
913 1011 984 1042 ’⁷⁵
1009 1009 1314 1078 ordinatur,
1350 1009 1573 1066 nomine
1601 1008 1871 1065 Damasus
1898 1007 1964 1077 II,
1986 1019 2040 1066 et
2059 1011 2130 1042 ’"

543 1100 684 1157 sedit
722 1100 792 1157 '50
817 1101 953 1158 dies.
982 1099 1273 1160 IIcinricus
1299 1101 1596 1172 imperator
1621 1109 1676 1157 et
1713 1100 2002 1158 Heinricus
2034 1117 2126 1157 rex

541 1193 840 1250 Galliarum
876 1194 1264 1251 convenientes
1289 1193 1342 1248 in
1366 1192 1596 1250 Metcnsi
1620 1193 1916 1261 territorio,
1940 1209 2126 1265 pacem

540 1285 685 1350 inter
721 1301 778 1342 se
807 1285 1122 1357 juramento
1145 1283 1492 1340 conﬁrmant.
1527 1284 1840 1342 Gotefridus
1867 1286 2128 1342 Adalber-

540 1385 655 1432 tum
678 1377 873 1432 ducem
905 1377 1140 1444 occidit;
1169 1377 1327 1449 cujus
1351 1377 1609 1433 ducatum
1651 1375 1932 1433 Gerhardo
1957 1377 2129 1448 impc-

539 1477 694 1527 rator
717 1469 868 1526 dedit
895 1470 992 1502 "'°
1706 1529 1717 1534 _

613 1560 771 1617 1049.
831 1559 1132 1633 Imperator
1179 1561 1572 1617 Chounradum
1615 1561 1809 1618 ducem
1866 1561 2129 1634 Bajoarire

539 1653 844 1719 constituit,
895 1661 950 1708 et
1001 1652 1356 1708 Gotebaldum
1422 1653 1684 1726 Aquileiae
1736 1653 2124 1724 patriarcham,

536 1755 660 1816 post
687 1743 1095 1801 Hebcrhardum
1120 1761 1292 1816 nuper
1311 1745 1954 1817 defunctum,promovit.
1979 1743 2128 1801 Non-

537 1837 672 1891 nulli
709 1837 982 1910 principes
1008 1845 1063 1892 et
1095 1837 1336 1912 episcopi
1377 1835 1808 1910 Phladirtingam
1837 1837 2123 1894 intrantes.

536 1925 932 1992 Theodericum
966 1945 1148 2004 pugna
1174 1929 1378 1986 victum
1403 1931 1679 1997 occidunt,
1705 1937 1761 1985 et
1787 1929 2124 2002 provinciam
2145 1932 2163 1947 ⁸

535 2021 686 2076 illam
721 2019 1037 2096 imperatori
1077 2020 1394 2092 subjiciunt.
1440 2019 1586 2076 Brun
1615 2019 1945 2088 Leucorum,
1971 2019 2026 2076 id
2045 2029 2131 2077 est

535 2113 602 2168 de
624 2113 782 2170 Tullo
794 2115 885 2182 "7,
901 2115 1212 2189 episcopus,
1227 2113 1632 2185 abimperatore
1653 2114 1879 2180 electus,
1897 2111 2126 2190 Romam

535 2205 793 2272 mittitur,
841 2215 895 2261 et
941 2222 1080 2278 papa
1128 2205 1288 2260 liii"
1318 2206 1388 2236 ’⁷⁸
1425 2219 1606 2268 nonus
1653 2203 1761 2261 Leo
1795 2215 2043 2275 vocatur,
2075 2213 2130 2260 et

535 2301 676 2356 sedit
704 2303 866 2358 annis
891 2303 1154 2372 quinque.
1179 2301 1289 2368 Qui
1325 2302 1379 2356 in
1414 2302 1665 2376 proximo
1689 2304 1896 2374 pascha
1922 2301 2126 2360 Oudal-

534 2390 711 2456 ricum
763 2391 952 2448 Romae
1001 2391 1328 2464 Augiensem
1381 2395 1726 2450 consecravit
1768 2395 2044 2456 abbatem.
2073 2405 2128 2451 ct

535 2480 856 2537 monasterii
879 2481 1122 2552 ejusdem
1146 2481 1446 2554 privilegia,
1473 2500 1503 2538 a
1531 2485 1657 2540 sede
1689 2487 1988 2556 apostolica
2018 2493 2129 2542 tra-

533 2575 669 2642 dita,
720 2575 1066 2633 conﬁrmavit
1112 2585 1167 2632 et
1207 2577 1506 2633 innovavit.
1561 2577 1709 2634 Idem
1753 2595 1892 2650 papa
1943 2577 2129 2638 Romae

532 2667 824 2740 synodum,
862 2667 1102 2724 maxime
1127 2677 1318 2725 contra
1344 2669 1723 2742 symoniacam
1748 2670 2007 2737 heresim,
2034 2687 2127 2727 ce-

533 2759 780 2815 lebravit.
819 2758 920 2815 Ilie
960 2761 1031 2794 ’τ’
1078 2762 1134 2818 in
1177 2763 1420 2834 plcnaria
1465 2763 1677 2836 synodo
1717 2764 2004 2820 constituit
2068 2775 2129 2819 ut

535 2851 909 2910 Romanorum
960 2853 1389 2924 presbiterorum
1453 2853 1771 2910 concubinae
1818 2862 2022 2911 extuuc
2073 2864 2127 2910 et

529 2943 788 3014 deinceps
815 2941 1170 3000 Lateranensi
1194 2943 1398 3014 palatio
1415 2943 1864 3014 adjudicarentur
1889 2945 2119 3002 ancillas.

531 3035 847 3108 Emptioncs
893 3046 948 3091 et
977 3035 1318 3091 venditiones
1360 3028 1615 3090 altarium
1642 3034 1750 3092 sub
1777 3037 2123 3093 anathemate
2150 3068 2192 3122 ο

532 3126 831 3198 prohibuit.
875 3123 1045 3182 Imma
1087 3126 1156 3158 ’⁸ο
1183 3126 1318 3182 obiit
1361 3141 1508 3180 anno
1543 3125 1830 3182 dominicae
1863 3127 2120 3183 incarna~

531 3217 696 3272 tionis
736 3216 896 3285 1049,
956 3218 992 3272 2
1038 3216 1222 3274 Nonas
1270 3217 1491 3288 Aprilis.
1543 3214 1700 3274 0dilo
1749 3215 2122 3274 Cloniacensis

531 3311 700 3370 abbas
745 3311 1074 3368 venerabilis
1113 3307 1368 3382 migravit
1407 3311 1474 3365 ad
1512 3307 1832 3374 Dominum,
1861 3309 1978 3365 Kal.
2023 3309 2119 3366 Ja-

530 3419 688 3458 nuar.
722 3405 790 3438 ²⁸¹
835 3403 1150 3461 Gotci‘ridus
1197 3413 1251 3458 et
1295 3403 1648 3459 Balduwinus
1697 3403 2122 3460 reconciliantur

530 3493 870 3564 imperatori.

605 3583 764 3640 1050.
793 3585 1040 3643 Domnus
1073 3601 1212 3656 papa
1245 3587 1512 3658 synodum
1547 3584 1737 3642 Romae
1767 3595 1890 3657 post
1915 3587 2118 3657 pascha

531 3677 765 3748 collegit,
797 3677 854 3732 in
885 3679 953 3712 ’⁸³
973 3695 1082 3750 qua
1109 3678 1342 3734 heresim
1363 3677 1832 3750 Beringarianam,
1853 3694 2026 3751 nuper
2049 3681 2119 3736 ad

530 3767 886 3837 apostolicam
927 3767 1108 3824 sedem
1143 3753 1400 3834 delatam,
1425 3767 1725 3823 damnavit.
1764 3765 1898 3823 Item
1930 3768 1984 3823 in
2015 3783 2117 3824 au-

530 3865 721 3913 tumno
745 3859 998 3927 sinodum
1029 3859 1276 3926 Vircellis
1301 3861 1372 3893 ’⁸³
1395 3861 1628 3942 collegit,
1667 3861 1721 3916 in
1756 3877 1862 3932 qua
1889 3861 2118 3918 eandem

527 3947 761 4004 heresim
808 3951 1289 4018 anathematizavit
1329 3951 1400 3984 ’3’
1451 3950 1654 4023 (1280).
1701 3949 1822 4019 Quo
1877 3960 2120 4023 tempore

525 4040 706 4111 Agnes
746 4042 1058 4112 imperatrix
1089 4044 1259 4098 tilium
1293 4045 1609 4114 imperatori
1641 4044 1869 4122 peperit.

597 4129 754 4186 1031.
798 4130 1099 4204 Imperator
1149 4135 1383 4190 natalem
1435 4134 1651 4190 Domini
1707 4135 1852 4204 apud
1887 4133 2115 4190 Goslarc

523 4221 652 4292 egit,
682 4233 736 4279 et
775 4225 978 4282 multos
1004 4241 1069 4281 ex
1114 4227 1452 4298 principibus
1489 4227 1600 4282 lilio
1637 4242 1738 4281 suo
1757 4227 2117 4298 jurejurando

522 4308 684 4366 iidem
725 4313 1044 4383 promittere
1086 4313 1231 4370 fecit.
1283 4313 1584 4371 Iiunl’ridus
1619 4315 1909 4372 Ravennas
1933 4318 2116 4373 archi-

2160 1716 2204 1770 B

2237 461 2364 520 ldus
2389 463 2539 520 Junii
2581 463 2894 530 defunctus,
2930 463 3121 520 multis
3163 466 3334 521 claret
3357 467 3688 533 miraculis;
3723 483 3814 538 pro

2235 572 2347 625 quo
2369 555 2706 628 Liutpaldus.
2731 557 3064 612 Constantia
3079 557 3419 613 Theoderico
3443 559 3712 628 episeopo
3729 559 3813 614 de.

2236 647 2446 714 iuncto,
2475 649 2743 704 successit
2780 647 3105 703 Rumaldus.
3132 647 3190 704 In
3233 657 3501 704 autumno
3525 650 3818 720 imperator

2195 769 2212 780 κ
2236 755 2461 810 regnum
2509 738 2763 810 Ungariae
2813 739 3132 795 devastavit.
3176 738 3292 794 Hoc
3333 748 3582 811 tempore
3613 740 3814 806 'I‘outa,

2235 831 2432 888 nobilis
2453 838 2508 886 et
2529 829 2798 903 religiosa
2813 831 2998 899 vidua,
3034 830 3451 902 Bouchaugensi
3479 841 3536 888 et
3580 832 3839 888 Lindan-I

2234 920 2387 990 gensi
2419 919 2687 976 cmnobiis
2724 920 3000 977 abbatissa
3041 921 3112 976 ab
3151 920 3482 992 imperatore
3503 921 3807 992 praeﬁcitur.

2309 1011 2462 1067 1052.
2500 1011 2803 1084 Imperator
2840 1011 3067 1069 Goslare
3096 1013 3334 1068 natalem
3374 1011 3598 1068 Domini
3633 1029 3814 1084 agens,

2233 1105 2499 1173 quosdam
2529 1105 2606 1160 ibi
2641 1104 2911 1161 hereticos
2953 1103 3284 1173 Manicheos,
3309 1105 3494 1160 omnis
3517 1119 3679 1160 esum
3704 1105 3817 1159 ani-

2233 1197 2391 1253 malis
2438 1206 2776 1264 cxecrantes,
2827 1212 3100 1254 consensu
3137 1198 3408 1264 omnium,
3467 1212 3538 1251 ne
3584 1197 3816 1254 heretica

2231 1287 2444 1343 scabies
2474 1297 2716 1359 serperet
2743 1287 2798 1342 in
2823 1289 3029 1358 plures,
3047 1287 3102 1342 in
3123 1288 3370 1358 patibulo
3392 1289 3655 1358 suspendi
3674 1286 3814 1343 fecit.

2230 1377 2326 1435 His
2353 1379 2546 1436 diebus
2572 1379 2890 1436 Bonifacius
2913 1381 3004 1446 ³⁸⁸⁷,
3027 1378 3194 1435 Italia:
3214 1377 3463 1434 marcbio
3492 1379 3814 1444 ditissimus,

2229 1470 2494 1527 Beatricis
2527 1471 2888 1528 nobilissimae
2931 1471 3227 1528 comitissae
3255 1470 3513 1538 maritus,
3545 1487 3577 1526 a
3609 1471 3818 1527 duobus

2229 1564 2494 1620 militibus
2536 1565 2748 1636 sagittis
2793 1564 3047 1621 toxicatis
3087 1565 3431 1631 vulneratus,
3476 1563 3738 1630 moritur,
3768 1571 3818 1618 et

2230 1654 2463 1711 Mantua:
2485 1656 2787 1713 honorifice
2812 1656 3086 1728 sepelitur.
3116 1654 3382 1726 Reliquiae
3403 1654 3552 1710 beati
3589 1655 3818 1712 Zenonis

2229 1747 2583 1815 confessoris,
2613 1763 2642 1802 a
2675 1747 2943 1803 Waltario
2985 1745 3298 1803 Veronense
3321 1747 3587 1818 episcopo
3614 1747 3670 1802 in
3701 1748 3820 1801 Ale-

2231 1840 2512 1896 manniam
2533 1840 2601 1896 ad
2625 1841 2807 1896 villam
2835 1839 3052 1895 Ulmam
3073 1840 3268 1905 allata‘,
3294 1840 3555 1910 plurimis
3577 1842 3818 1896 claruere

2229 1933 2510 1988 miraculis
2531 1932 2621 1988 ω.

2301 2023 2458 2081 1035.
2503 2025 2803 2096 Imperator
2848 2041 2972 2082 cum
3017 2025 3221 2082 domno
3253 2041 3391 2096 papa
3437 2026 3682 2080 natalem
3717 2025 3818 2081 Do-

2229 2117 2364 2172 mini
2409 2116 2726 2176 Wormatize
2757 2118 2886 2190 egit.
2934 2116 3038 2174 Ubi
3071 2133 3198 2174 cum
3247 2133 3386 2188 papa
3434 2119 3582 2174 sicut
3613 2119 3818 2199 dudum

2227 2217 2446 2280 ceperat
2481 2208 2806 2267 Fuldensem
2846 2210 3124 2266 abbatiam
3155 2211 3372 2281 aliaque
3397 2211 3674 2265 nonnulla
3707 2211 3819 2266 loca

2226 2309 2282 2356 ct
2301 2299 2551 2368 cenobia,
2583 2316 2707 2373 quae
2759 2311 2951 2358 sancto
2979 2301 3144 2358 Petro
3177 2301 3486 2372 antiquitus
3515 2303 3725 2358 donata
3749 2301 3824 2358 1ο-

2229 2399 2446 2459 runtur,
2477 2392 2546 2447 ab
2576 2392 2908 2464 imperatore
2942 2409 3241 2464 reposcens
3276 2392 3570 2464 exegisset,
3602 2395 3819 2450 demum

2227 2483 2525 2554 imperator
2571 2485 2830 2556 pleraque
2889 2485 2946 2540 in
2998 2483 3398 2540 Ultraromanis
3453 2485 3714 2554 partibus
3759 2487 3820 2542 ad

2227 2589 2389 2632 Suum
2431 2576 2524 2646 jus
2549 2577 2900 2648 pertinentia,
2944 2593 3042 2648 pro
3076 2577 3368 2646 Cisalpinis
3398 2576 3476 2631 illi
3515 2579 3686 2648 quasi
3731 2594 3822 2648 per

2226 2667 2606 2723 coneambium
2644 2668 2881 2724 tradidit.
2919 2667 3091 2739 Eique
3129 2677 3320 2724 contra
3372 2666 3818 2724 Normannorun

2228 2759 2543 2815 violentiam
2589 2761 3018 2830 propulsandam
3066 2761 3268 2815 auxilia
3308 2760 3602 2831 delegavit.
3639 2761 3716 2816 Ea
3751 2763 3820 2817 si-

2227 2851 2446 2922 quidem
2473 2869 2607 2926 gens
2634 2869 2665 2908 a
2691 2854 3029 2925 temporibus
3070 2853 3271 2924 prioris
3305 2851 3555 2909 Heinriei
3585 2855 3820 2925 impera-

2227 2941 2366 2998 toris
2411 2941 2466 2997 in
2520 2951 2706 3013 partes
2751 2943 3035 3008 Calabriae,
3085 2941 3356 3009 Samnize,
3393 2943 3822 3016 Campanitque

2226 3032 2506 3089 confinxit.
2552 3033 2619 3090 Et
2677 3035 2806 3106 quia
2855 3035 3126 3106 indigenis
3171 3044 3362 3090 contra
3412 3034 3725 3091 Grecorum
3771 3047 3824 3092 et

2229 3126 2660 3182 Sarracenorum
2707 3127 3052 3183 incursiones
3099 3128 3358 3182 audacter
3385 3127 3698 3197 praeliando
3724 3145 3820 3184 au-

2227 3217 2540 3284 xiliabatur,
2579 3219 2758 3290 primo
2797 3227 3078 3290 gratanter
3117 3218 3404 3288 accipitur.
3452 3218 3659 3274 Postea
3695 3235 3822 3275 vero

2222 3308 2472 3378 pluribus
2496 3313 2687 3364 eorum
2735 3310 2800 3364 ad
2836 3310 3056 3365 uberem
3097 3318 3294 3364 terram
3333 3311 3817 3372 concurrentibus.

2221 3401 2433 3457 viribus
2473 3402 2712 3470 adaucti,
2761 3402 2912 3473 ipsos
2949 3401 3211 3474 indigetes
3241 3410 3296 3456 et
3337 3417 3429 3456 res
3469 3417 3668 3456 eorum
3702 3402 3818 3457 vio-

2224 3494 2394 3548 lenter
2420 3493 2731 3564 possedere.
2769 3492 2923 3549 Unde
2945 3494 3181 3548 domnus
3223 3508 3365 3564 papa
3403 3508 3533 3548 cum
3565 3493 3820 3564 plurimis

2223 3583 2646 3642 Teutonicorum
2695 3585 2926 3641 Romam
2955 3585 3190 3650 rediens,
3222 3594 3346 3654 post
3379 3585 3592 3655 pascha
3627 3593 3819 3642 contra

2221 3673 2606 3732 Nordmannos
2678 3676 2978 3732 exercitum
3025 3676 3216 3730 movit.
3271 3673 3366 3729 Set
3405 3676 3656 3731 exercitu
3702 3678 3820 3747 ejus

2222 3767 2422 3838 partim
2475 3765 2682 3838 fugato,
2726 3767 2926 3838 partim
2960 3766 3144 3822 occiso
3173 3781 3204 3820 a
3251 3764 3650 3832 Nordmanuls,
3703 3767 3820 3838 ipse

2219 3871 2361 3927 papa
2391 3855 2448 3910 in
2468 3857 2706 3926 quodam
2733 3856 2958 3912 castello
2981 3855 3050 3910 ab
3069 3855 3151 3910 eis
3176 3855 3462 3920 obsessus,
3488 3872 3622 3911 cum
3647 3873 3821 3926 expr

2221 3956 2384 4019 gnata
2418 3947 2533 4018 jam
2573 3947 2798 4018 jamque
2838 3947 3172 4012 munitione,
3205 3946 3540 4002 necessitate
3569 3955 3817 4012 coadus,

2221 4039 2666 4094 communionem
2721 4039 2804 4094 eis
2851 4038 3005 4110 prius
3061 4037 3410 4093 interdictam
3453 4039 3817 4102 reddidisset;

2220 4137 2476 4202 acceptus
2503 4131 2573 4186 ab
2599 4129 2702 4197 cis,
2727 4131 3095 4186 Beneventum
3119 4143 3247 4184 cum
3275 4129 3490 4183 honore
3513 4137 3704 4184 tamen
3729 4145 3820 4184 re--

2219 4223 2458 4279 ducitur.
2509 4222 2718 4293 Ibique,
2752 4237 2821 4278 ne
2861 4221 3084 4289 rediret,
3127 4220 3464 4292 aliquamdiu
3517 4220 3816 4276 detinetur.

2223 4313 2522 4385 Imperator
2567 4313 2860 4370 Ileinricus
2907 4313 3093 4370 habito
3123 4319 3396 4368 conventu
3445 4313 3597 4382 apud
3624 4312 3820 4366 Tribu-

520 4399 832 4473 episcopus,
859 4404 1247 4472 (Ιοηιι)ο¹¹”-’⁸²⁵
1271 4421 1424 4477 papa:
1444 4405 1898 4478 apudAugustam
1924 4423 2116 4462 recon-
2155 4418 2196 4473 [ι
2223 4406 2382 4472 riam,
2410 4407 2582 4461 illium
2609 4406 2936 4476 equivocum
2971 4419 3155 4476 regem
3187 4419 3218 4460 a
3241 4403 3457 4459 cunctis
3479 4403 3636 4474 eligi,
3665 4404 3822 4474 eique

521 4493 758 4552 ciliatur.
791 4495 922 4553 Post
975 4499 1178 4569 pascha
1225 4500 1492 4571 synodum
1531 4499 1719 4556 Romae
1753 4500 1971 4571 collegit
2005 4500 2116 4556 Leo

521 4602 682 4660 papa,
715 4587 808 4642 ubi
835 4587 1159 4660 Gregorium
1193 4588 1591 4646 Vercellensem
1619 4591 1958 4661 episcopum,
1986 4607 2115 4661 pro-

519 4691 639 4753 pter
683 4681 960 4756 quoddam
1006 4683 1336 4741 adulterium
1386 4693 1441 4738 et
1480 4683 1719 4754 perjuria
1777 4692 2115 4754 perpetrata,

515 4776 798 4834 absentem
852 4787 908 4833 et
959 4775 1295 4834 nescientem
1351 4775 1864 4831 cxcommunieavit.
1936 4773 2108 4841 Quem

514 4874 697 4923 tamen
723 4878 849 4938 post
887 4868 1117 4926 Romam
1154 4867 1461 4922 venientem
1499 4873 1554 4921 et
1584 4865 2014 4922 satisfactionem
2039 4863 2112 4898 ’⁸⁸

515 4959 942 5029 promittentem,
974 4961 1144 5031 priori
1177 4958 1357 5018 cilicio
1383 4957 1640 5029 restituit.
1687 4957 1888 5014 Eadem
1921 4965 2110 5014 testate

2222 4505 2346 4567 post
2380 4496 2592 4551 obitum
2635 4511 2819 4563 suum,
2863 4495 2911 4552 si
2963 4505 3146 4551 rector
3184 4495 3371 4564 justus
3398 4493 3630 4551 futurus
3655 4502 3820 4559 esset,

2221 4587 2616 4657 subjectionem
2677 4586 2924 4658 promitti
2979 4585 3129 4642 fecit.
3175 4615 3244 4625 -—
3287 4583 3578 4640 Razilinus
3619 4585 3818 4651 etiam,

2220 4679 2688 4751 Babenhergensis
2715 4680 3028 4751 episcopus,
3061 4675 3284 4732 infamis
3307 4678 3570 4732 moritur.

2293 4771 2453 4826 1054.
2476 4770 2779 4843 Imperator
2797 4771 3192 4828 Adalberonem
3209 4769 3610 4826 consobrinum
3634 4785 3817 4832 suum,

2219 4862 2272 4917 in
2299 4863 2425 4918 villa
2454 4861 2672 4935 Otinga,
2695 4865 2790 4921 ubi
2827 4863 3064 4919 natalem
3101 4861 3320 4917 Domini
3349 4862 3482 4934 egit,
3509 4861 3818 4916 Babenher—

2217 4957 2367 5026 gensi
2413 4959 2644 5014 ecclesiae
2685 4957 2945 5029 praefecit.
2993 4957 3238 5013 Domnus
3268 4969 3407 5026 papa
3451 4955 3701 5020 tandem,
3729 4956 3817 5008 iu-

1818 5067 2050 5126 VARIIE
2089 5066 2489 5123 LICC'IIONES.

581 5164 654 5195 ’τι
688 5163 843 5218 em.
886 5166 1072 5220 addito
1111 5167 1151 5222 i.
1190 5169 1238 5222 1.
1318 5170 1387 5201 ’τι
1426 5175 1483 5224 et
1529 5181 1574 5219 ε.
1619 5163 1769 5216 XXX
1802 5162 1854 5217 d.
1899 5161 2088 5215 addita
2130 5159 2182 5212 i-

1949 5229 2192 5298 rohibuit
2220 5230 2276 5282 in
2306 5232 2547 5298 margine
2576 5233 2763 5286 addita
2791 5232 2840 5285 I.

1089 5247 1328 5292 ιιι-απ.
1365 5247 1401 5292 I.
1437 5247 1460 5293 1
1589 5247 1658 5266 ’ἐν
1694 5247 1792 5288 me
1818 5265 1888 5273 —-
1911 5247 2192 5354 Rromnuu
2220 5247 2276 5282 ιη
2306 5247 2547 5302 margine
2576 5250 2589 5285 ι

1089 5305 1158 5342 ’⁸⁸
1195 5306 1306 5360 IIII.
1342 5307 1483 5363 Non.
1526 5322 1668 5363 corr.
1701 5313 1882 5375 postea
1917 5371 1935 5375 _
1962 5297 2246 5375 ιιι-14111.
2291 5299 2411 5356 Kal.
2442 5302 2494 5354 2.
2525 5302 2589 5375 *5.

729 5373 801 5406 ’⁸³
836 5374 917 5418 ita
955 5373 1124 5418 hic't.
1173 5375 1208 5418 Q
1274 5377 1308 5418 [κ
1406 5379 1527 5418 που
1563 5369 1782 5418 daturum
1819 5375 1865 5418 l.
1907 5371 1962 5418 9.
2041 5370 2112 5404 ’⁸⁸

2231 5369 2350 5418 loco.
2370 5387 2492 5418 mm
2517 5371 2538 5418 I
2555 5413 2567 5418 -

512 5235 704 5289 desunt
732 5235 786 5288 3.
877 5235 948 5267 ""
985 5235 1328 5292 CLIII.-add.
1361 5238 1401 5292 I.
1437 5240 1460 5293 I
1589 5236 1658 5266 ’⁷³
1694 5233 1792 5288 Hic
1818 5265 1888 5273 -

511 5312 695 5392 postea
725 5303 930 5392 fidite.
945 5305 994 5392 1L.

2268 5161 2339 5192 ’⁷⁸
2375 5160 2462 5214 hic
2492 5161 2748 5215 uommlla
2769 5175 2926 5215 erasa
2955 5167 3082 5214 sunt
3113 5161 3164 5214 1.
3231 5160 3299 5190 ’π
3340 5173 3504 5227 supra
3535 5157 3730 5210 lineam
3763 5156 3813 5208 Ι.

2937 5231 3008 5263 ⁸⁸⁸
3047 5229 3216 5284 Imma
3243 5261 3314 5269 —
3343 5229 3518 5298 April.
3553 5229 3610 5280 in
3639 5243 3812 5296 πως.

2693 5303 2762 5335 ¹⁸²
2803 5302 2858 5356 in
2883 5331 2954 5342 ο-
2973 5299 3462 5355 anathematizavit
3487 5300 3546 5352 in
3575 5298 3693 5351 loco
3725 5313 3816 5349 ra-

2646 5373 2716 5404 "7
2744 5369 3065 5418 Imnafanius
3092 5370 3146 5418 9.
3225 5369 3296 5402 ³⁸⁸
3353 5379 3472 5418 nos!
3501 5369 3617 5418 lum:
3665 5368 3816 5418 locus
