3996 5474
517 172 658 230 156⁸1

1174 286 1320 342 MLX
1357 287 1445 340 ³⁰¹.

586 381 773 439 Romae
791 381 1126 439 Nicbholaus
1149 396 1289 451 papa
1310 379 1548 452 generali
1570 379 1764 437 sinodo
1786 379 2100 450 praesidens,

512 473 906 547 Beringazrium
950 474 1021 506 ³⁰¹
1074 471 1489 544 praesentialiter
1538 481 1594 526 et
1644 470 1964 526 sinodaliter
2001 486 2102 541 pro

514 568 694 622 heresi
723 583 823 623 sua
868 566 1064 620 iterum
1113 563 1476 630 examinavit;
1530 562 1626 633 qui
1681 562 1896 617 tandem
1943 562 2100 632 quasi

511 672 829 723 conversus,
853 658 1023 712 libros
1045 670 1158 712 suae
1179 656 1435 711 hereseos
1453 669 1638 710 coram
1668 654 1862 711 sinolo
1883 668 2106 710 concre-

510 749 697 816 mavit,
723 758 780 804 et
808 749 1037 805 eandem
1065 747 1302 805 heresim
1331 755 1394 801 ut
1437 746 1592 817 prius
1614 746 1853 817 jurando
1874 744 2099 801 anathe-

508 840 788 897 matizavit
825 839 1032 912 (1%8).

1206 928 1397 987 MLXI.

559 1022 766 1097 .Roma:
786 1022 1011 1079 Nicolao
1040 1038 1180 1094 papa
1206 1022 1467 1079 defuncto
1492 1020 1526 1076 6
1572 1019 1798 1076 Kalend.
1839 1019 2092 1091 Augusti,

505 1113 739 1170 Romani
769 1114 1027 1173 Heinrico
1053 1116 1185 1187 regi,
1218 1113 1736 1185 ejusdem‘nominis
1759 1122 1976 1184 quarto,
2000 1126 2094 1167 co-

503 1221 698 1262 ronam
734 1216 789 1263 et
812 1209 919 1265 alia
951 1222 1178 1263 munera
1207 1209 1503 1271 mittentes,
1529 1206 1597 1262 de
1628 1206 1831 1263 summi
1870 1204 2093 1276 pontifi-

502 1298 583 1355 cis
605 1299 871 1356 electione
895 1314 1077 1373 regem
1103 1300 1172 1333 ³⁸³
1202 1300 1705 1371 interpellaverunt.
1723 1297 1829 1365 Qui
1852 1301 2091 1369 generali

497 1391 735 1448 concilio
759 1390 985 1448 Basilete
1015 1392 1223 1467 habito,
1254 1391 1512 1462 imposita
1540 1405 1745 1447 corona
1767 1405 1799 1446 a
1827 1389 2091 1449 Romanis

499 1485 847 1552 transmissa,
896 1485 1160 1557 patricius
1215 1484 1587 1540 Romanorum
1639 1492 1725 1539 est
1762 1483 2084 1553 appellatus.

502 1573 707 1631 Deinde
729 1578 1008 1632 communi
1035 1578 1279 1633 omnium
1305 1576 1559 1641 consilio,
1605 1575 2088 1646 Romanorumque

496 1664 693 1736 legatis
750 1666 1097 1739 eligentibus,
1133 1668 1374 1724 Chadelo
1401 1665 1715 1723 Parmensis
1742 1668 2034 1738 episcopus
2057 1666 2088 1719 7

496 1755 722 1812 Kalend.
748 1755 1072 1815 Novembris
1104 1775 1244 1831 papa
1266 1759 1486 1831 eligitur
1512 1766 1568 1814 et
1598 1756 1875 1814 Honorius
1901 1760 2087 1829 appel-

495 1849 660 1915 latur,
684 1858 942 1919 papatum
983 1850 1054 1884 ὀδ
1076 1867 1360 1922 nunquam
1387 1864 1767 1922 possessurus.
1824 1849 1918 1905 Set
1941 1851 2089 1906 vice-

495 1939 635 1996 sima
672 1942 903 2012 septima
932 1941 1020 1998 die
1054 1951 1182 1999 ante
1209 1943 1330 2014 ejus
1361 1943 1763 2013 promotionem
1781 1983 1795 2009 ,
1820 1941 2089 1999 Lucensis

497 2031 808 2105 episcOpus,
830 2033 1052 2090 nomine
1070 2034 1421 2101 Anshelmus,
1445 2049 1476 2089 a
1498 2031 1867 2091 Nordmannis
1889 2042 1943 2089 et
1970 2034 2088 2105 qui-

492 2123 726 2181 busdam
757 2124 1021 2183 Romanis
1044 2142 1185 2198 papa
1216 2126 1377 2184 158us
1409 2126 1480 2162 ⁸⁰⁸
1516 2127 1824 2195 ordinatus,
1845 2128 2084 2183 Alexan-

491 2215 589 2270 der
610 2225 858 2283 vocatus,
887 2219 1026 2273 sedit
1046 2234 1222 2274 annos
1246 2219 1332 2273 12.
1370 2216 1473 2285 Qui
1499 2218 1638 2275 satis
1663 2228 1881 2275 strenue
1902 2234 2085 2291 symo—

495 2306 711 2361 niacam
749 2308 986 2362 heresim
1023 2309 1313 2375 destruxit,
1342 2319 1396 2364 et
1420 2309 1690 2365 ministris
1720 2310 1908 2366 altaris
1956 2326 2081 2365 cum

491 2398 819 2469 conjugibus
842 2400 1008 2466 coire,
1030 2401 1189 2471 juxta
1237 2416 1510 2456 canonum
1555 2408 1758 2456 statuta
1811 2417 1939 2458 cum
1982 2418 2081 2460 ex-

489 2490 988 2546 communicatione
1022 2491 1319 2557 interdixit,
1354 2493 1614 2562 ipsosque
1646 2493 1817 2550 laicos
1851 2494 2087 2551 clerico-.

489 2595 614 2635 rum
644 2588 830 2650 aperte
862 2582 1318 2639 incontinentium
1349 2583 1525 2639 cilicia
1555 2585 1776 2653 audire,
1815 2601 1914 2656 per
1946 2586 2081 2641 ban-

487 2685 622 2725 num
667 2672 976 2742 prohibuit;
1032 2673 1223 2744 sicque
1251 2674 1577 2730 clericorum
1628 2674 2078 2732 incontinentiam

486 2759 623 2816 satis
648 2761 948 2831 prudenter
980 2761 1293 2819 refrenavit.
1319 2761 1495 2835 Hujus
1523 2772 1707 2820 autem
1730 2765 2080 2821 constitutio-

486 2852 574 2907 nis
603 2855 844 2910 maxime
876 2854 979 2912 fuit
1002 2864 1198 2912 auctor
1224 2854 1645 2923 Hildebrandus,
1668 2865 1797 2913 tunc
1819 2856 2079 2913 Romam:

489 2941 716 2999 melesiae
736 2943 1178 3012 archidiaconus,
1202 2946 1464 3004 hereticis
1489 2948 1726 3004 maxime
1752 2947 2002 3007 infestus.

1175 3038 1389 3095 MLXII.

560 3120 659 3180 llis
685 3128 1023 3197 temporibus
1050 3129 1224 3189 fames
1253 3146 1448 3203 magna
1478 3130 1598 3186 fuit.
1624 3128 1817 3203 Magna
1862 3132 2077 3187 dissen-

491 3211 579 3269 sio
607 3213 749 3272 facta
771 3226 855 3274 est
875 3218 1017 3274 inter
1042 3220 1443 3291 imperatricem
1459 3220 1722 3293 Agnctem
1742 3230 1798 3277 et
1817 3218 2076 3279 Gundha—

489 3302 636 3362 rium
660 3305 1163 3381 Babenbergensem
1192 3311 1527 3382 episcopum.

1165 3385 1400 3467 MLqu

510 3514 515 3519 ~
562 3483 855 3545 Heinrieus
877 3504 972 3545 rex
1004 3492 1303 3548 exercitum
1338 3494 1393 3548 in
1434 3492 1772 3548 Pannoniam
1827 3510 2071 3561 movens,

490 3575 858 3646 Salemonem,
880 3581 1054 3637 lilium
1080 3584 1310 3640 Andreae
1338 3585 1501 3654 regis,
1525 3584 1580 3638 in
1630 3598 1856 3655 regnum
1902 3587 2072 3654 patris

484 3667 574 3722 sui
604 3670 859 3726 restituit.
888 3671 1177 3730 lleinricus
1204 3674 1564 3746 Augustensis
1601 3675 1887 3746 episcopus
1915 3677 2069 3746 obiit,

483 3771 586 3829 pro
609 3776 721 3832 quo
744 3761 996 3826 Imbrico,
1030 3764 1202 3823 Ccdcs
1232 3782 1428 3839 magna
1473 3766 1698 3824 Coslare
1730 3769 1959 3841 contigit
2013 3771 2070 3825 in

482 3852 714 3923 tedesia,
746 3871 872 3930 rege
897 3867 1181 3929 praesente.

1092 3948 1311 4005 MLXIV
1344 3950 1434 4005 ⁸⁰⁶.

550 4034 745 4110 Magna
768 4040 962 4097 seditio
995 4050 1117 4097 orta
1141 4050 1225 4098 est
1268 4042 1410 4099 inter
1451 4042 1801 4099 Adalbertum
1839 4042 2066 4102 ﬂamin-

480 4127 809 4202 burgensem
832 4133 1304 4206 archiepiscopum
1327 4144 1383 4190 et
1400 4136 1671 4206 principes
1701 4137 1874 4209 regni.

1097 4225 1293 4280 MLXV
1345 4227 1436 4281 ³⁸⁷.

1510 172 1603 227 AD
1641 171 1872 229 OPERA
1908 172 1967 229 S.
2008 171 2334 231 GREGORII
2365 173 2807 232 APPENBICES.

2136 292 2181 348 A
2208 288 2299 345 die
2350 297 2406 345 et
2455 288 2711 345 Christus
2761 290 3089 357 resurrexit,
3125 290 3182 345 in
3208 290 3368 347 tertia
3394 292 3486 348 die
3515 293 3775 364 paschalis

3650 179 3779 235 13εὲ

2202 379 2539 448 ebdomade,
2562 381 2615 436 4.
2646 380 2872 437 Kalend.
2895 381 3118 452 Aprilis,
3135 383 3435 440 indictione
3457 383 3667 452 tercia,
3690 401 3777 442 rex

2203 468 2491 528 Heinricus
2516 486 2663 527 anno
2700 473 2855 543 regni
2895 475 2981 529 sui
3005 474 3085 542 9“,
3115 476 3291 532 aetatis
3314 491 3432 532 suae
3460 477 3575 543 M',
3607 478 3779 533 accin-

2201 570 2324 618 ctus
2351 563 2531 634 gladio
2559 563 2616 617 in
2643 565 2866 620 nomine
2899 564 3134 622 Domini.
3181 565 3529 623 Pataviensis
3554 567 3625 600 ’°'
3668 571 3777 639 epi-

2201 642 2401 723 scopus
2428 654 2593 721 obiit;
2622 655 2711 710 cui
2737 654 3064 713 Altmannus
3088 657 3455 729 imperatricis
3471 660 3779 729 capellam:

2199 744 2483 801 successit.
2531 744 2646 802 Hoc
2679 756 2922 818 tempore
2974 747 3278 820 Sigii‘redus
3324 750 3779 822 Hogontiaoensis

2198 837 2662 908 archiepiscopus,
2688 848 2744 895 et
2771 838 3122 897 Gundharius
3152 840 3628 913 Babenbergensis
3666 843 3776 911 epi-

2197 942 2418 1001 scopus,
2447 939 2502 985 et
2528 927 2655 986 Otto
2698 928 3112 1002 Ratisponensis
3156 933 3477 1005 episcopus,
3506 943 3567 990 et
3609 932 3777 989 Willi-

2196 1019 2409 1078 helmus
2437 1021 2803 1093 Trajectensis
2825 1026 3139 1096 episcopus,
3160 1041 3285 1081 cum
3317 1040 3519 1099 magna
3544 1025 3779 1085 multitu-

2193 1112 2321 1169 dlne
2364 1112 2670 1170 Jerusalem
2708 1116 2966 1187 profecti,
2992 1117 3047 1172 in
3090 1131 3157 1172 eo
3208 1116 3406 1191 itinere
3468 1133 3503 1172 a
3557 1118 3777 1189 paganis

2194 1204 2367 1261 multa
2399 1215 2527 1262 sunt
2564 1208 2829 1278 perpessi.
2856 1206 2993 1262 Nam
3019 1217 3074 1264 et
3102 1208 3302 1264 bellum
3342 1223 3473 1264 cum
3514 1209 3599 1265 eis
3646 1208 3775 1263 inire

2192 1305 2325 1353 sunt
2365 1299 2541 1354 coacti
2586 1300 2676 1354 ³⁸⁸.
2718 1297 2777 1354 In
2810 1300 3002 1356 eodem
3033 1299 3228 1355 itinere
3257 1299 3602 1357 Guntbarius
3624 1300 3771 1373 obiit.

2190 1388 2293 1444 Cui
2332 1389 2690 1448 Ricimannus
2717 1392 2784 1424 ³⁸⁸
2813 1392 3130 1465 symoniace
3153 1392 3442 1449 successit.

2813 1530 3034 1587 MLXVI
3064 1532 3153 1586 ³¹¹.

2126 1631 2169 1687 Β
2265 1631 2420 1689 Multi
2447 1634 2661 1691 nobiles
2683 1635 2826 1691 bello
2855 1633 2999 1691 civili
3028 1633 3325 1703 perierunt.
3365 1632 3611 1690 Cometae
3653 1644 3774 1689 sunt

2192 1725 2324 1780 visa:
2353 1725 2407 1779 in
2444 1726 2652 1783 octavis
2685 1727 2922 1797 paschae,
2946 1726 2980 1781 9
3006 1724 3124 1780 Kal.
3153 1725 3300 1791 Maii,
3323 1734 3379 1781 et
3403 1741 3503 1796 per
3558 1726 3630 1781 50
3661 1728 3772 1783 dies

2188 1830 2509 1887 apparuere.
2539 1817 2888 1874 Eberhardus
2922 1815 3271 1873 Treverensis
3305 1818 3770 1889 archiepiscopus,

2192 1907 2257 1962 17
2285 1908 2509 1965 Kalend.
2554 1909 2701 1976 Maii,
2729 1910 2957 1966 sabbato
2999 1917 3190 1964 sancto
3226 1910 3464 1980 paschae,
3492 1911 3772 1982 completis

2187 2015 2218 2055 a
2249 2000 2501 2071 seipsius
2537 2001 2642 2057 diei
2680 2001 2890 2069 olliciis,
2937 2000 3071 2071 ipsis
3115 2001 3547 2058 sacerdotalibus
3607 2003 3770 2057 vesti-

2187 2093 2386 2149 mentis
2414 2093 2658 2160 indutus,
2686 2093 2952 2165 requievit
2981 2093 3036 2148 in
3080 2108 3231 2163 pace.
3274 2092 3391 2148 -Cui
3440 2093 3769 2150 Chonradus

2185 2182 2531 2240 Coloniensis
2558 2186 2884 2255 prtepositus
2908 2185 3093 2242 debuit
3116 2186 3435 2253 succedere;
3472 2195 3558 2241 set
3588 2202 3622 2239 a
3644 2185 3770 2240 civi-

2185 2277 2288 2333 bus
2318 2292 2426 2332 non
2448 2286 2534 2333 est
2560 2278 2783 2333 electus.
2826 2275 2981 2333 Unde
3030 2278 3252 2348 quidam
3286 2292 3507 2343 comes,
3551 2277 3773 2331 nomine

2186 2367 2573 2435 Theodericus,
2598 2370 2832 2425 eundem
2854 2369 3206 2425 Chonradum
3246 2369 3314 2424 ad
3351 2370 3547 2425 urbem
3584 2367 3770 2422 Trevi-

2183 2475 2371 2517 rorum
2401 2463 2705 2518 tendentem
2734 2462 3163 2533 comprehendit,
3192 2469 3247 2516 et
3269 2461 3361 2516 diu
3391 2461 3499 2515 sub
3523 2459 3765 2516 custodis

2184 2562 2801 2623 maceratum,.quatuor
2828 2550 3092 2609 militibus
3118 2553 3420 2609 necandum
3456 2552 3766 2615 commisit;

2183 2648 2278 2718 qui
2332 2649 2461 2704 dum
2507 2663 2632 2703 eum
2690 2656 2774 2702 ter
2829 2663 2928 2718 per
2977 2647 3251 2719 quoddam
3301 2645 3670 2717 praecipitium
3704 2643 3769 2677 ³⁸³

2182 2740 2528 2810 dejecissent,
2554 2747 2608 2794 et
2630 2739 2704 2793 uil
2738 2739 2842 2793 sibi
2874 2739 2981 2794 nisi
3024 2738 3308 2794 brachium
3353 2736 3617 2791 collidere
3650 2751 3767 2806 pos-

2182 2839 2324 2897 sent,
2369 2847 2513 2886 unus
2569 2846 2637 2885 ex
2682 2831 2789 2886 illis
2849 2831 3141 2901 penitentia
3195 2828 3415 2893 ductus,
3443 2830 3517 2882 ab
3571 2843 3641 2881 eo
3680 2843 3767 2883 ve-

2184 2922 2328 2976 niam
2362 2922 2690 2991 impetravit.
2715 2921 2871 2977 Alius
2891 2930 3071 2976 autem
3095 2920 3282 2977 volens
3309 2936 3437 2975 eum
3472 2921 3767 2983 decollare,

2106 2983 2149 3042 θ’
2182 2983 2459 3069 maxillam
2508 3014 2628 3084 ejus
2663 3023 2875 3069 tantum
2931 3012 3189 3080 abscidit;
3252 3020 3306 3068 et
3353 3012 3434 3068 sic
3491 3012 3611 3083 ipse
3661 3010 3768 3066 Deo

2178 3106 2376 3177 dignus
2411 3107 2605 3160 martir
2634 3107 2702 3161 ad
2746 3104 3040 3161 Dominum
3091 3104 3361 3176 migravit.
3417 3102 3634 3160 Passus
3688 3115 3768 3159 est

2178 3206 2358 3253 autem
2382 3196 2499 3253 Kal.
2527 3196 2853 3263 Junii,anno
2874 3198 2943 3252 ab
2964 3196 3338 3251 incarnatione
3362 3194 3584 3251 Domini
3614 3196 3764 3260 1066,

2177 3290 2329 3361 regni
2380 3305 2510 3345 vero
2564 3287 2802 3344 lleinrici
2854 3289 2942 3355 lO,
2989 3288 3233 3360 sepultus
3291 3287 3438 3358 apud
3487 3288 3764 3343 abbatiam

2179 3381 2399 3436 nomine
2425 3380 2686 3435 Doleiam.
2727 3378 2862 3437 Tres
2890 3388 3070 3435 autem
3102 3380 3300 3434 milites
3349 3379 3553 3435 mortis
3600 3379 3764 3449 hujus

2177 3472 2318 3527 servi
2346 3471 2439 3527 Dei
2463 3478 2715 3526 auctores
2739 3471 2902 3542 digna
2931 3470 3066 3526 ultio
3096 3470 3444 3540 postmodum
3470 3468 3760 3525 subsecuta

2174 3570 2277 3619 est.
2314 3561 2452 3618 Nam
2507 3579 2650 3618 unus
2697 3578 2889 3618 eorum
2932 3570 3215 3632 acceptum
3251 3561 3439 3617 cibum
3477 3561 3762 3632 degluttire

2175 3667 2286 3708 non
2337 3652 2547 3719 valens,
2577 3653 2670 3707 alii
2713 3653 2823 3709 duo
2872 3668 3069 3708 manus
3120 3667 3250 3707 suas
3300 3651 3649 3715 lacerantes,
3696 3650 3759 3703 a-J

2171 3744 2412 3800 claustra
2436 3742 2633 3798 inferni
2657 3743 3056 3802 descenderunt
3082 3743 3168 3796 3“.
3230 3740 3349 3796 Udo
3387 3750 3514 3811 post
3542 3739 3758 3796 interie-

2171 3847 2319 3893 ctum
2347 3834 2737 3892 Chounradum
2763 3835 2961 3905 prtesul
2992 3832 3332 3890 Trevirensis
3379 3833 3752 3888 constituitur.

2170 3928 2383 4000 Nuptiae
2410 3927 2647 3983 Heinrici
2682 3927 2843 3996 regis.

2240 4041 2373 4098 item
2429 4050 2643 4097 cometa
2686 4040 2806 4095 visa
2856 4047 2957 4095 est.
3005 4035 3100 4093 llis
3146 4035 3491 4106 temporibus
3541 4049 3759 4089 venera-

2168 4136 2294 4191 bilis
2313 4134 2508 4190 Petrus
2534 4132 2802 4197 Damiani,
2829 4147 2898 4186 ex
2922 4130 3183 4185 heremita
3206 4127 3509 4182 cardinalis
3548 4127 3755 4196 episco-

2168 4242 2291 4297 pus,
2311 4226 2481 4280 multa
2507 4223 2852 4293 conscripsit,
2865 4232 2919 4277 et
2940 4218 3391 4277 incontinentiam
3413 4218 3754 4273 sacerdotum

545 4310 755 4369 Domus
774 4315 974 4385 regalis
994 4314 1209 4372 Goslari
1240 4316 1311 4349 ³⁰⁸
1332 4324 1678 4372 concremata
1705 4327 1808 4373 est.
1856 4317 2059 4374 Eodem
2086 4300 2154 4401 δ’
2166 4320 2301 4377 satis
2325 4318 2715 4374 rationabiliter
2751 4308 2809 4372 in
2846 4315 3064 4385 scriptis
3101 4314 3218 4370 suis
3250 4310 3583 4378 confutavit,
3611 4306 3752 4365 ordi—

474 4415 644 4473 anno,
666 4406 737 4461 ab
761 4406 1138 4463 incarnatione
1184 4407 1398 4464 Domini
1431 4407 1590 4476 1065,
1619 4410 1841 4479 quando
1871 4410 2088 4495 (W89).
2164 4421 2323 4468 natos
2379 4419 2562 4466 autem
2607 4425 2640 4465 a
2686 4407 3036 4481 symoniacis,
3062 4414 3123 4461 ut
3168 4404 3343 4495 aiunt,
3378 4402 3750 4495 nimiumgcle-

472 4502 532 4552 et
552 4498 762 4567 pascha
789 4499 1120 4560 celebratum
1149 4509 1232 4559 est
1252 4501 1285 4556 6
1308 4500 1576 4557 Kalendas
1612 4500 1833 4570 Aprilis,
1853 4503 1907 4559 in
1947 4518 2055 4574 qua

2164 4512 2372 4559 menter
2394 4500 2650 4558 tractavit
2680 4500 2767 4553 m.
2800 4497 2956 4570 ﬂugo
2988 4493 3351 4552 Bizantiensis
3388 4493 3753 4563 archiepisco-

1793 4616 2027 4674 VARUE
2056 4615 2455 4674 LECTIONES.

543 4708 612 4741 ³⁸⁸
635 4715 780 4780 totus
808 4724 980 4780 annua
1007 4707 1164 4780 1069.
1188 4709 1536 4780 priorirtextu
1558 4725 1732 4777 eraso,
1786 4710 1933 4763 circa
1955 4726 2006 4762 a.
2055 4708 2421 4780 1092.1m'nori
2451 4708 2632 4780 littera
2661 4708 2889 4780 insertus
2920 4714 3001 4780 est
3024 4705 3085 4771 1;
3117 4704 3188 4773 cf.
3207 4710 3413 4780 (cetum
3441 4702 3647 4780 codicis
3668 4702 3746 4780 ξι.

473 4795 637 4848 supra
652 4780 709 4851 in
722 4778 975 4834 Bertoldo
1001 4795 1054 4851 ρ.
1077 4772 1237 4851 271ζη
1266 4780 1334 4812 ³⁰²
1372 4772 1757 4851 beringaarium
1778 4781 1827 4834 1.
1856 4795 1887 4835 e
1914 4780 2120 4851 addito.
2200 4779 2269 4811 ³⁰⁸
2305 4795 2468 4850 supra
2493 4779 2589 4832 lin.
2625 4779 2752 4832 add.
2789 4775 2988 4851 isi“
3023 4790 3077 4851 ρ.
3098 4772 3245 4851 -n.“p.
3275 4775 3332 4826 in
3366 4789 3542 4851 niarg.
3563 4772 3749 4851 gddita

470 4842 595 4925 post
610 4849 826 4925 _ob_itu_m
848 4859 907 4904 ut
946 4842 1167 4925 videtur
1188 4849 1450 4925 Kgdglai,
1484 4842 1837 4925 quoncery:
1861 4850 2173 4925 tz_i_l_const_qt
2191 4842 2582 4925 ;_pos_t:annum
2607 4858 2785 4925 tamen
2811 4846 2967 4925 1022f):
2996 4842 3068 4915 cf.
3092 4842 3214 4925 ΑΙῙῤ
3254 4843 3429 4925 {toria
3460 4844 3520 4895 di
3554 4842 3748 4925 Par-ma

477 4918 538 4973 Τ.
565 4916 652 4974 ΙΙ.
677 4919 937 4974 habentur
962 4922 1127 4975 etirm
1149 4921 1203 4975 in
1237 4920 1291 4975 2.
1322 4921 1374 4976 5.
1408 4921 1462 4975 4.
1497 4916 1589 4977 μζ
1663 4921 1733 4952 ³⁰⁸
1770 4919 1972 4974 CLVII.
2012 4919 2197 4999 addito
2220 4916 2260 4974 ll
2296 4920 2406 4997 alio
2432 4926 2731 5000 atramento
2766 4918 2815 4972 1.

477 4990 504 5018 ἰ
605 4989 674 5018 υτ
731 4988 969 5018 “IYIII!
1047 4991 1077 5018 ’ἶ
1176 4991 1244 5018 son
1273 4991 1350 5018 ἐι,-
1383 4992 1401 5018 Ι
1460 4990 1495 5018 ο
1557 4992 1575 5018 Ι
1648 4991 1705 5018 Hs
1754 4992 1964 5018 unn‘n_:_
1993 4991 2014 5018 ε·
2122 4990 2189 5018 δυο
2228 4988 2271 5018 Ϊὶ
2316 5005 2343 5018 Α
2404 5004 2436 5018 Α
2491 5005 2518 5018 Α
2581 4988 2606 5018 Α
2674 5005 2689 5018 ι
2743 5004 2772 5018 n

2122 4988 2845 5018 ΒοΩΪὶἈΛΑΑἷηιι

1648 4991 1705 5018 Hs
1754 4992 1964 5018 unn‘n_:_
1993 4991 2024 5018 δ’

472 4990 504 5018 ἰ
605 4989 674 5018 ID!
731 4988 805 5018 III
829 4989 969 5018 VIII!
1047 4991 1077 5018 ’ἶ
1176 4991 1244 5018 8M!
1273 4991 1350 5018 ἐι,-

2893 4917 2963 4949 ³⁰⁸
3001 4911 3244 4969 narratio
3265 4914 3426 4982 hujus
3457 4911 3591 4967 anni
3612 4914 3745 4965 deest

2914 4987 2970 5018 ὅ..
3016 4986 3253 5018 ,κῆρι-Σινά
3300 4983 3412 5018 nlo.“
3451 4990 3746 5018 ηὶνπωευηι
