3996 5474
270 199 398 258 1369

1152 200 1443 258 ΑΡΡΕΝΙ).
1484 202 1570 258 ill.
1610 235 1683 245 —
1715 198 2151 259 MONUHENTA
2185 203 2652 264 GREGORIANA.

3384 209 3526 267 1570

267 324 362 387 pus
388 309 524 368 obiit
565 311 786 384 (B90);
816 312 919 369 Cui
978 313 1223 387 ejusdem
1270 316 1499 373 teclesie
1542 317 1842 374 canonicos
1868 317 1914 376 A
1942 316 2100 373 niace
2119 316 2188 349 ³³⁸
2215 318 2529 389 acquisivit,
2555 320 2762 393 quique
2788 321 3075 381 thesauros
3097 321 3343 394 ejusdem
3367 324 3526 379 acele-

266 403 441 479 (l29l)
479 418 511 459 a
534 401 796 462 fratribus
822 405 1049 473 electus,
1074 419 1104 461 a
1128 421 1256 480 rege
1290 408 1657 465 substituitur.

917 495 1181 551 Μωῑνιι.

331 585 568 642 Saxonia
610 586 759 644 civili
788 587 1002 644 laborat
1038 588 1331 646 discordia.
1356 586 1691 646 Nordmanni
1726 588 1840 645 Ro-

263 694 402 736 mam
426 678 578 735 adire
601 679 894 736 voluerunt
919 680 1209 737 hostiliter.
1233 679 1582 739 Burcbardus
1615 680 1841 737 Halber-

262 770 513 828 stetensis
540 771 848 843 episcopus'
867 770 1217 828 Leuticorum
1246 782 1459 845 gentem
1490 773 1720 828 viriliter
1751 773 1843 830 de-

261 861 490 918 vastavit
510 862 602 918 ³⁸⁶.
648 861 993 920 Heinhardus
1024 863 1299 934 Spirensis
1336 864 1627 935 episcopus
1659 866 1716 921 in
1749 864 1841 922 iti-

261 967 382 1009 nere
406 950 658 1010 llomano
679 955 831 1012 obiit.
864 954 965 1011 Cui
994 954 1283 1012 Heinricus
1306 957 1589 1012 successit.

901 1044 1189 1102 MLXVIII.

328 1133 618 1194 ﬂeinricus
644 1137 714 1171 '"
757 1152 855 1194 rex
889 1138 1268 1196 adolescentia;
1297 1153 1415 1194 sua:
1453 1152 1642 1195 errore
1673 1136 1839 1200 sedu—

259 1239 400 1298 ctus,
425 1230 670 1301 legitime
695 1231 944 1303 conjugis
972 1232 1108 1287 adeo
1140 1231 1502 1299 obliviscitur,
1525 1241 1581 1287 et
1608 1244 1717 1287 tam
1745 1247 1842 1287 ne-

260 1321 435 1378 fandis
456 1321 781 1378 criminibus
804 1323 1079 1379 involutus
1099 1339 1222 1380 esse
1241 1323 1573 1391 diﬁ‘amatur,
1593 1333 1655 1379 ut
1676 1325 1839 1380 etiam

259 1413 531 1483 principes
552 1412 671 1483 ejus
708 1429 836 1469 eum
868 1428 1037 1485 regno
1059 1416 1272 1485 privare
1302 1415 1653 1471 molirentur;
1671 1414 1841 1474 Totus

261 1505 347 1561 ille
378 1520 560 1560 annus
589 1505 864 1575 pluvialis.

925 1594 1167 1651 MLXIX.

1940 408 2055 473 site,
2094 417 2285 480 utpute
2324 412 2627 484 sacrilegus
2669 410 2780 482 fur,
2817 415 2874 470 in
2900 429 3035 471 suos
3061 414 3521 485 usus'idispersit;

1939 499 2126 556 habito
2182 501 2417 559 concilio
2481 502 2851 574 Mogonciaci,
2908 520 2979 562 ex
3036 514 3313 577 pracepto
3371 517 3526 576 papas

1938 593 2253 662 Alexandri,
2289 596 2585 666 prmdictus
2626 596 2886 671 Symonis
2927 598 3248 669 discipulus,
3281 598 3525 654 nondum

1940 693 2295 743 consecratus
2321 687 2635 759 deponitur,
2676 689 2878 760 quippe
2906 704 3032 745 cum
3062 704 3095 743 a
3126 688 3343 746 clericis
3376 686 3526 745 Con-

1940 776 2335 835 stantiensibus
2375 778 2577 835 ibidem
2603 788 2916 847 accusatus,
2949 781 3162 851 objecta
3190 793 3389 850 negare
3411 791 3525 834 non

1939 876 2143 939 posset.
2176 867 2280 925 Cui
2304 872 2571 928 successit
2594 871 2720 927 Otto
2747 872 2801 927 in
2833 871 3205 943 episcopatum
3229 870 3434 941 (1294).

2601 960 2866 1017 MLXXII.

2012 1047 2301 1107 lleinrieus
2339 1067 2435 1109 rex
2472 1068 2609 1124 pene
2634 1055 2753 1111 sine
2787 1053 3101 1110 diﬁicultate
3126 1052 3391 1109 bellorum
3417 1052 3524 1108 sibi

1940 1142 2271 1199 reluctantes
2292 1145 2586 1214 superavit.
2607 1141 2805 1200 Petrus
2830 1144 3098 1212 Damiani,
3127 1145 3229 1215 pias
3248 1144 3527 1199 memoria

1941 1233 2236 1289 cardinalis
2258 1233 2570 1304 episcopus,
2601 1235 2714 1305 jam
2737 1235 2945 1290 dudum
2972 1235 3180 1291 mundo
3206 1234 3522 1302 cruciﬁxus,

1941 1325 2198 1396 migravit
2231 1325 2300 1380 ad
2329 1323 2645 1393 Dominum,
2683 1327 2723 1381 8‘
2746 1325 2972 1382 Kalend.
3010 1325 3190 1381 Martii
3216 1326 3285 1359 ³⁸⁸
3313 1325 3520 1397 (1295).

1942 1415 2043 1472 Cui
2090 1416 2328 1472 domnus
2367 1415 2656 1483 Geroldus,
2699 1432 2885 1472 revera
2931 1417 3255 1483 monachus,
3298 1417 3526 1473 scientia

1941 1507 2337 1577 scripturarum
2370 1507 2621 1579 insignis,
2651 1516 2710 1564 et
2733 1508 2983 1564 moribus
3006 1508 3392 1578 praedecessori
3422 1522 3527 1562 suo

1943 1613 2053 1652 non
2096 1598 2292 1667 impar,
2337 1598 2393 1652 in
2444 1599 2819 1670 episcopatum
2863 1600 3148 1656 successit.
3198 1598 3566 1687 Adaibertus.

324 1687 436 1743 Pax
468 1696 525 1744 et
556 1689 930 1745 reconciliatio
965 1688 1019 1743 in
1061 1689 1283 1760 pupulo,
1324 1689 1380 1744 in
1418 1688 1586 1743 natali
1627 1687 1845 1744 Domini
1874 1656 1918 1711 Β
1947 1656 2433 1760 llaminburgensis
2454 1656 2568 1748 sive
2581 1656 2894 1748 Bremensis
2911 1691 3355 1763 archiepiscOpus
3369 1691 3523 1747 obiit.

258 1781 397 1851 apud
438 1779 691 1847 Goslare,
731 1782 900 1852 regali
953 1781 1131 1837 edicto
1183 1782 1287 1837 sub
1327 1789 1671 1836 sacramento
1716 1788 1845 1836 sunt

255 1872 613 1929 conﬁrmatae.
658 1871 947 1929 Heinricus
988 1889 1083 1928 rex
1113 1882 1326 1944 gentem
1366 1872 1715 1927 Leuticorum
1750 1872 1844 1927 dc-

256 1972 449 2019 vastat.
504 1964 654 2020 Dedo
691 1965 940 2020 marcbio
976 1964 1282 2022 Saxonicus
1314 1965 1429 2035 regi
1474 1962 1729 2019 lieinrico
1758 1978 1845 2018 re-

254 2056 449 2115 bellat:
484 2065 569 2112 set
594 2056 947 2127 postmodum
974 2064 1196 2112 coactus
1227 2056 1295 2112 ad
1321 2056 1650 2111 deditionem
1675 2055 1840 2111 venit.

255 2147 582 2205 Oudalricus
615 2150 785 2227 abbas
821 2148 1115 2221 Augiensis
1149 2149 1306 2217 obiit,
1347 2164 1446 2220 pro
1487 2164 1598 2219 quo
1637 2148 1847 2221 Megin-

259 2241 482 2297 bardus.
514 2236 857 2296 Constantia:
897 2240 1201 2297 Rumaldus
1228 2242 1521 2312 episcopus
1551 2240 1718 2308 Obiit;
1753 2242 1841 2297 cui

256 2330 487 2386 Karolus
514 2346 613 2400 per
635 2332 1009 2404 symoniacam
1037 2332 1270 2386 heresim
1295 2332 1348 2386 in
1372 2330 1689 2400 episcopatu
1719 2347 1844 2387 suc-

254 2423 437 2478 cessit.
471 2422 789 2479 Gotel‘ridus
816 2424 927 2479 dux
967 2424 1107 2477 inter
1135 2422 1411 2478 seculares
1450 2422 1843 2477 excellentissi-

255 2530 397 2580 mus,
422 2523 478 2570 et
500 2516 558 2569 in
581 2516 956 2570 recordatione
978 2524 1327 2586 peccatorum
1351 2529 1577 2570 suorum
1603 2514 1669 2569 ad
1693 2531 1843 2569 cmu—

253 2608 606 2676 punctionem
654 2608 1006 2662 lacrimarum
1058 2607 1380 2673 facillimus,
1432 2607 1487 2660 in
1528 2607 1843 2678 erogatione

251 2699 669 2754 climosinarum
696 2700 1059 2773 largissimus,
1089 2700 1143 2752 in
1178 2698 1363 2768 vigilia
1394 2698 1590 2754 natalis
1625 2697 1843 2753 Domini

252 2790 385 2847 satis
409 2791 674 2848 laudabili
694 2792 802 2848 ﬁne
830 2791 1099 2861 requievit
1120 2792 1173 2844 in
1204 2806 1336 2860 pace
1360 2790 1449 2844 ⁸¹⁸.

941 2881 1159 2937 MLXX.

1944 1780 2046 1835 Cui
2072 1780 2412 1836 Leobmarus
2434 1783 2502 1814 '“
2537 1784 2823 1839 successit.
2861 1781 2977 1838 Rex
3008 1783 3177 1838 multa
3203 1783 3307 1838 sibi
3340 1782 3527 1837 muni-

1944 1872 2157 1926 tissima
2200 1872 2425 1927 castella
2460 1874 2771 1929 construxit
2804 1875 2861 1929 in
2893 1875 3141 1945 partibus
3186 1873 3439 1929 Saxonize
3474 1882 3530 1930 et

1945 1961 2279 2034 Tburingim,
2311 1971 2367 2018 et
2399 1964 2602 2020 multas
2632 1965 2736 2021 sibi
2771 1965 3104 2021 munitiones
3131 1966 3333 2035 injuste
3361 1979 3528 2021 usur—

1944 2055 2120 2125 pavit;
2154 2056 2298 2111 unde
2318 2056 2614 2111 multorum
2638 2056 2850 2112 animos
2880 2066 3071 2113 contra
3096 2073 3157 2113 se
3178 2058 3456 2114 excitavit.

2590 2147 2875 2205 MLXXIII.

2017 2239 2318 2296 Roudoll‘us
2346 2241 2456 2297 dux
2484 2241 2842 2307 Alamanniae,
2868 2249 2922 2296 et
2948 2240 3260 2296 Bcrtbolfus
3284 2240 3392 2295 dux
3418 2240 3528 2297 Ka-

1946 2333 2305 2402 riutltiorum,
2332 2343 2390 2391 et
2418 2335 2568 2392 Well'
2591 2337 2699 2392 dux
2742 2336 3026 2407 Bajoariaz,
3061 2350 3093 2390 a
3124 2349 3248 2407 rege
3276 2333 3532 2390 Heiurico

1942 2428 2339 2495 discesserunt;
2360 2428 2489 2497 quia
2511 2429 2634 2483 aliis
2653 2426 3162 2484 subintroeuntibus
3176 2426 3527 2494 consiliariis,

1943 2534 2104 2575 suum
2134 2521 2426 2575 consilium
2462 2520 2606 2589 apud
2650 2535 2831 2591 regem
2875 2534 2983 2574 non
3027 2520 3204 2572 valere
3238 2532 3530 2587 perspexe-

1944 2621 2090 2665 runt.
2130 2609 2501 2666 Theodericus
2533 2626 2720 2665 comes
2750 2609 3044 2679 penitentia
3087 2609 3285 2663 ductus
3314 2623 3413 2676 pro
3447 2606 3531 2662 fa-

1944 2702 2131 2756 cinore
2158 2702 2304 2771 quod
2332 2701 2389 2755 in
2429 2700 2647 2755 beatum
2680 2700 3071 2755 Cbounradum
3116 2698 3529 2755 Trevirensibus

1945 2792 2231 2863 praesulem
2255 2793 2575 2862 deputatum
2611 2792 2906 2857 commisit,
2942 2791 3068 2846 licet
3090 2790 3262 2846 multa
3286 2790 3527 2860 pericula

1942 2886 2245 2951 obstarent,
2266 2885 2476 2939 ardenti
2510 2892 2691 2939 tamen
2716 2884 2823 2938 ﬁde
2853 2899 2977 2939 cum
3005 2882 3125 2938 aliis
3156 2883 3344 2938 multis
3372 2881 3531 2937 Jero-

319 2972 559 3031 Francia
589 2974 737 3030 civili
763 2956 981 3030 laborat
1013 2974 1306 3030 discordia.
1349 2970 1476 3029 Otto
1510 2972 1618 3027 dux
1648 2971 1814 3043 Bajoa
1870 2995 1911 3050 ο
1946 2976 2195 3031 solimam
2218 2976 2360 3045 cepit
2381 2976 2479 3030 ire.
2518 2976 2623 3043 Qui
2651 2992 2777 3031 cum
2815 2990 2967 3030 mare
2994 2974 3209 3045 navigio
3240 2976 3527 3041 intrarent,

251 3065 346 3122 ria:
382 3067 501 3138 regi
536 3067 791 3123 Heinrieo
823 3070 1067 3134 rebellat,
1107 3077 1161 3122 et
1186 3066 1434 3138 Magnus,
1458 3064 1602 3121 ﬁlius
1632 3060 1845 3121 Ottonis

249 3158 408 3214 ducis
439 3157 698 3214 Saxoniaa
724 3159 1091 3230 aquilonialis.
1137 3157 1232 3213 Set
1265 3175 1361 3215 rex
1394 3158 1714 3229 prmdictum
1750 3155 1845 3212 Ot-

248 3256 459 3318 tonem,
482 3268 615 3307 cum
636 3251 873 3323 legitime
893 3252 959 3307 ad
982 3251 1411 3307 satisfactionem
1432 3260 1659 3306 vocatus
1680 3250 1846 3305 nollet

246 3343 458 3411 venire,
496 3344 705 3399 ducatu
740 3344 992 3415 privavit.
1036 3343 1420 3415 Meginhardus
1461 3352 1655 3414 sponte
1688 3344 1844 3398 dere-

244 3432 408 3505 liquit
456 3435 797 3507 Augieusem
856 3436 1165 3501 abbatiam;
1225 3444 1348 3506 post
1403 3451 1567 3505 quem
1618 3436 1840 3507 quidam

246 3522 608 3597 Roudpertus
635 3527 853 3599 indigne
880 3527 1054 3582 eidem
1081 3528 1312 3582 abbatis:
1346 3527 1653 3598 praefectus,
1683 3529 1843 3598 digne

244 3618 609 3687 postmodum
632 3627 715 3674 est
735 3597 996 3690 expulsus
1032 3619 1235 3691 (1292).
1277 3597 1501 3690 Hiemps
1532 3597 1758 3675 ventosa
1790 3628 1842 3673 ct

240 3708 530 3781 pluvialis.

927 3799 1165 3856 MLXXI.

312 3891 473 3949 Welf
498 3892 614 3949 dux
640 3894 903 3964 Bajoaria:
930 3894 1178 3947 eﬁicitur.
1212 3892 1498 3948 Ileinricus
1524 3909 1617 3946 rex
1642 3894 1842 3947 multas

238 3981 481 4043 insidias
520 4001 744 4056 passus,
777 3986 1006 4040 viriliter
1037 3999 1227 4039 omnes
1258 3977 1526 4040 transivit.
1564 3984 1619 4037 In
1657 3992 1843 4055 pente-

238 4084 399 4132 coste
432 4077 627 4151 (1295)
670 4075 826 4145 Οῑιο,
864 4077 1190 4148 jampridem
1234 4079 1345 4132 dux
1388 4077 1675 4147 Bajoarim,
1716 4091 1842 4131 cum

236 4168 413 4226 sociis
451 4169 576 4226 suis
619 4171 734 4242 regi
778 4168 1035 4226 Heinrico
1075 4171 1143 4225 ad
1183 4169 1513 4225 deditionem
1552 4169 1701 4225 venit
1743 4184 1842 4224 sua

236 4269 477 4330 sponte,
524 4277 675 4316 anno
712 4262 782 4317 ab
816 4262 1190 4317 incarnatione
1238 4261 1456 4318 Domini
1492 4261 1649 4327 1071,
1692 4262 1843 4331 regni

1945 3067 2125 3122 subita
2173 3076 2496 3137 tempestate
2536 3067 2919 3134 circumventi,
2967 3067 3260 3137 statimque
3299 3067 3525 3121 obtenc-

1945 3158 2100 3213 brata
2140 3159 2228 3214 die
2265 3175 2376 3229 quo
2418 3158 2562 3213 irent
2602 3159 2817 3227 incerti,
2860 3158 3047 3215 celesti
3082 3157 3301 3214 «lumine
3345 3157 3530 3227 sapius

1944 3250 2336 3305 exltilarantur.
2383 3249 2588 3306 Deinde
2626 3265 2737 3305 non
2774 3249 2890 3321 jam
2921 3257 3152 3307 mortem
3181 3249 3236 3304 in
3272 3248 3532 3319 periculis

1946 3343 2217 3409 timentes,
2241 3350 2325 3398 set
2345 3342 2513 3397 vitam
2538 3349 2795 3396 aeternam
2824 3342 3278 3412 praimeditantes,
3301 3341 3531 3396 marinis

1944 3435 2198 3491 ﬂuetibus
2236 3434 2515 3491 emundati
2556 3450 2587 3489 a
2620 3442 2971 3505 peccatorum
3010 3433 3294 3500 sordibus,
3329 3433 3532 3503 migra-

1943 3535 2140 3581 verunt
2185 3526 2254 3582 ad
2302 3525 2618 3591 Dominum,
2659 3527 2727 3580 15
2783 3525 3010 3581 Kalend.
3054 3524 3232 3579 Martii
3269 3544 3281 3579 :
3332 3525 3533 3595 quippe

1943 3618 2313 3674 Theodericus
2341 3633 2545 3685 eomes,
2580 3617 2867 3683 Widerolt,
2912 3618 3206 3682 Marcuart,
3249 3632 3374 3672 cum
3411 3617 3532 3670 aliis

1944 3712 2064 3766 115.
2096 3710 2284 3766 Romae
2303 3710 2609 3766 Alexander
2641 3727 2779 3780 papa
2805 3711 3057 3767 decessit.
3088 3709 3195 3764 Pro
3222 3726 3334 3779 quo
3362 3725 3530 3763 vene-

1943 3802 2130 3857 rabilis
2165 3801 2586 3865 Hildebrandus,
2630 3799 2893 3855 Romanae
2931 3799 3160 3857 melesize
3193 3798 3534 3853 archidiaco—

1944 3908 2078 3957 nus,
2140 3891 2419 3946 communi
2473 3889 2721 3944 omnium
2784 3889 3016 3945 consilio
3066 3889 3339 3959 expetitur
3391 3903 3529 3957 papa

1942 3983 2375 4039 constituendus.
2422 3980 2544 4047 Quo
2594 3981 2785 4036 audito
2834 3981 2951 4052 ipse
2998 3980 3439 4045 archidiaconus,
3473 3995 3534 4034 se

1942 4076 2154 4131 viribus
2198 4090 2321 4130 esse
2365 4074 2628 4144 imparem
2660 4081 2832 4129 tanto
2877 4072 3095 4140 honori,
3140 4074 3310 4127 immo
3352 4072 3529 4137 oneri,

1943 4175 2226 4237 reputans,
2274 4165 2524 4221 inducias
2566 4165 2933 4236 respondendi
2967 4166 3146 4235 petiit,
3194 4172 3250 4219 et
3288 4164 3369 4219 sic
3403 4162 3530 4231 fuga

1944 4264 2184 4332 elapsus,
2212 4260 2423 4330 aliquot
2446 4260 2563 4316 dies
2596 4259 2666 4315 ad
2698 4258 2927 4314 Vincula
2958 4258 3132 4313 sancti
3168 4256 3315 4309 Petri
3347 4255 3532 4309 occul-

235 4358 425 4407 autem
456 4350 706 4409 Heinrici
730 4354 819 4420 l5,
843 4353 1018 4408 aetatis
1045 4368 1175 4410 vero
1194 4354 1315 4423 ejus
1348 4352 1439 4420 '50,
1467 4353 1762 4409 indictione
1786 4353 1841 4420 9,
1874 4334 1921 4390 Ῑ)
1945 4362 2092 4409 tatus
2120 4353 2297 4409 latuit.
2333 4352 2428 4409 Set
2462 4354 2680 4408 tandem
2706 4354 2798 4407 vix
2824 4354 3098 4418 inventus,
3125 4360 3181 4406 et
3208 4350 3276 4404 ad
3309 4357 3529 4418 aposto-

235 4444 412 4499 tercia
456 4442 602 4500 feria
639 4445 884 4516 ejusdem
929 4445 1265 4512 ebdomadae,
1303 4445 1372 4500 18
1408 4444 1634 4501 Kalend.
1689 4443 1838 4499 Julii.

235 4534 484 4593 Karolus
547 4538 645 4609 qui
699 4536 1177 4595 Constanticnsem
1234 4538 1606 4610 episcopatum
1658 4553 1843 4609 symo-

1943 4445 2306 4502 licam'sedem
2332 4446 2384 4500 vi
2416 4446 2732 4514 perductus,
2749 4462 2889 4516 papa
2916 4444 3080 4503 159‘“
3106 4444 3175 4475 "’
3195 4441 3480 4498 ordinatur
3498 4438 3529 4490 7

1944 4537 2170 4593 Kalend.
2208 4536 2334 4593 Maii
2370 4538 2460 4606 ⁸¹³,
2505 4546 2561 4595 et
2588 4537 2887 4610 Gregorius
2933 4534 3077 4590 \t'llM
3114 4534 3416 4607 appellatur
3437 4532 3526 4585 ³³⁵.

1587 4674 1821 4732 VARle
1848 4672 2255 4731 LECTIONES.

307 4765 383 4798 ⁸⁸⁸
420 4764 638 4837 reliqua
662 4766 790 4820 anni
815 4766 925 4821 alio
951 4775 1249 4822 atramento
1274 4769 1329 4821 in
1353 4769 1589 4837 margine
1619 4767 1829 4837 adjecta
1862 4776 1989 4822 sunt
2021 4769 2071 4822 l.
2106 4767 2196 4822 sed
2234 4767 2494 4822 habentur
2512 4768 2686 4837 etiam;
2708 4766 2765 4819 in
2785 4765 2839 4819 2.
2872 4762 2925 4817 '5.
3027 4762 3244 4837 ιιι-μην

1507 4831 1765 4911 libentur.
1848 4836 1919 4911 ’f'
1944 4840 1998 4894 in
2028 4854 2082 4911 p.
2113 4837 2279 4911 paulo
2308 4847 2425 4911 post
2452 4834 2935 4911 addita‘l.._desunt
2962 4833 3016 4888 5.
3098 4831 3533 4911 ξίξδῖηιοηὶπίυ

232 4906 861 4980 eorr:_sy_t_1_lpnia_ce_l._.
890 4909 959 4980 ’τέ’
992 4906 1101 4962 Vll.
1130 4909 1193 4963 K.
1223 4907 1294 4962 M.
1320 4906 1828 4980 Vsuprailinladtlilq
1853 4908 1878 4963 1
1902 4928 1917 4980 ;
1938 4920 1987 4964 et
2018 4906 2213 4966 adsunt
2250 4906 2569 4980 in'reliquis.

231 4853 333 4891 nea
355 4838 417 4892 in
448 4835 576 4890 loco
602 4852 722 4909 r_aso
747 4837 797 4909 14.
827 4847 884 4891 at
904 4838 1085 4909 eadem
1118 4840 1175 4892 in
1208 4838 1425 4909 reliquis

3270 4759 3442 4831 prima
3463 4760 3530 4813 li-

2645 4904 2714 4937 ⁸¹¹
2742 4905 3079 4961 leotbmarus
3094 4903 3149 4957 Ξ.
3178 4901 3452 4958 leumarus
3476 4901 3530 4953 5.

233 4978 305 5011 ³⁸³
336 4971 585 5033 CLVIII.
619 4977 804 5031 addito
827 4974 848 5031 1
871 4977 981 5031 alio
1021 4986 1320 5033 atramento
1359 4971 1409 5033 l'.
1487 4979 1555 5009 ³²³
1589 4978 1677 5033 Vll
1726 4977 1845 5032 Kal.
1903 4971 2031 5038 Maii
2074 4981 2183 5038 alio
2228 4971 2526 5033 atramento
2554 4976 2808 5033 Bemoldi
2841 4983 3017 5027 tamen
3057 4989 3218 5026 manu
3256 4971 3445 5025 addita
3484 4971 3532 5023 1.

230 5048 440 5122 πέτρῃ
479 5048 538 5102 '5-
570 5045 836 5122 4e§un12.
864 5049 918 5104 4.
950 5048 1037 5104 41).
1116 5049 1187 5083 ³³³
1224 5048 1510 5121 [lucusque
1547 5049 1867 5115 Bernoldus.
1893 5055 2065 5122 primo
2095 5051 2393 5119 scripsisse,
2434 5048 2561 5105 dein
2600 5063 2739 5101 anno
2778 5043 2936 5099 l07l.
2965 5059 3083 5114 qua
3104 5043 3220 5113 jam
3251 5049 3541 5111 sequuntur

232 5118 525 5158 ιιΛΑὸιΙειερ
548 5117 772 5162 videtur,
