3996 5474
456 181 591 238 1571
1445 177 1538 231 AD
1577 169 1804 226 OPERA
1843 166 1900 223 S.
1943 167 2272 248 GREGORII
2305 169 2749 230 APPENDICES.
3587 183 3726 242 1372

449 297 624 368 Cujus
663 295 971 368 prudentia,
1015 310 1126 350 non
1169 294 1349 350 solum
1386 293 1443 348 in
1477 292 1630 348 Italia
1661 300 1744 348 set
1783 293 1948 348 etiam
1984 291 2041 345 in
2069 293 2116 350 Α
2141 301 2350 348 cretum
2380 301 2462 348 est
2497 309 2528 348 a
2569 295 2834 366 Gregorio
2873 311 3032 368 papa,
3061 305 3129 354 ut.
3158 299 3340 356 clerici
3367 301 3606 374 aliquem
3639 319 3728 358 sa-

453 388 767 446 Teutonieis
814 387 1087 461 partibus,
1131 386 1403 442 rel'renata
1439 394 1526 444 est
1570 385 1918 442 sacerdotum
1959 382 2045 437 in-
2145 398 2366 439 erorum
2400 385 2654 440 ordinum
2682 388 2910 457 gradum
2939 389 3024 444 vel
3054 390 3287 446 cilicium
3310 393 3495 464 preeio
3525 395 3723 464 adepti,

450 482 810 537 continentia.
847 479 1065 536 Scilicet
1091 479 1238 552 quod
1265 478 1636 548 praedecessor
1655 478 1776 549 ejus
1803 479 1859 533 in
1891 479 2044 538 Italia
2144 475 2402 546 deinceps
2435 477 2490 530 in
2519 479 2732 533 atclesia
2779 495 2888 534 non
2931 481 3260 550 ministrent,
3307 499 3410 539 nec
3455 484 3724 539 ecclesiam

450 573 754 641 prohibuit,
784 573 890 626 hoc
919 571 1036 642 ipse
1070 571 1126 625 in
1161 578 1274 626 tota
1317 571 1586 626 catholica
1612 571 1826 626 melesia
1855 574 2043 642 prohi-
2144 568 2326 638 precio
2352 569 2682 639 adquisitam
2707 570 2905 641 aliquis
2939 573 3186 642 retineat,
3219 591 3320 632 nec
3345 575 3607 647 deinceps
3629 577 3726 632 ali-

451 665 582 718 berc
609 663 836 718 studuit.
879 661 1016 716 Tota
1053 661 1352 732 Thuringia
1377 669 1432 716 et
1463 659 1700 716 Saxonia
1738 663 1852 732 regi
1879 663 2042 720 Hein-
2143 659 2232 713 cui
2261 659 2532 714 aeclesiam
2561 661 2794 716 vendere
2831 661 2916 736 vel
2955 678 3136 719 emere
3164 665 3340 720 liceat.
3372 665 3582 721 Deinde
3606 677 3667 721 ut
3694 684 3724 721 a

450 757 568 812 rieo
602 756 888 822 rebellant,
916 763 1139 824 pr0pter
1167 755 1456 825 prmdictas
1491 753 1826 809 munitiones
1851 763 1906 810 et
1935 755 2040 812 alia
2141 749 2379 806 clericali
2421 751 2598 806 cilicio
2631 762 2866 820 cessent,
2902 753 3232 826 quicumque
3259 772 3319 812 se
3359 773 3458 827 per
3493 758 3727 812 inconti-

449 848 620 902 multa
655 862 778 917 quae
821 855 1013 902 contra
1053 846 1389 901 voluntatem
1429 845 1674 916 ejusdem
1721 846 1904 918 populi
1944 863 2040 906 rex
2141 841 2382 896 nentiam
2411 844 2864 912 reprehensibiles
2893 846 3170 902 exhibent.
3201 846 3354 915 Item,
3388 857 3450 902 ut
3491 849 3726 918 papulas

449 939 506 993 in
536 954 727 994 eorum
765 937 990 1010 regione
1021 937 1150 993 fecit
1178 937 1504 994 inconsulte.
1534 936 1888 1009 Eggehardus
1913 948 2038 993 tan-
2141 931 2464 988 clericorum
2503 933 2677 989 ollicia
2711 935 3022 992 nullatenus
3061 938 3306 1008 recipiat,
3345 953 3488 1008 quos
3530 939 3726 1009 pradi—

446 1030 573 1085 dem
607 1030 778 1086 abbas
817 1030 1110 1102 Augiensis
1141 1030 1399 1099 edicitur,
1435 1039 1490 1087 et
1523 1046 1555 1086 a
1601 1031 1863 1102 praedicto
1899 1046 2038 1103 papa
2139 1031 2257 1080 etas
2323 1027 2654 1096 apostolicas
2709 1027 3078 1084 institutiones
3142 1039 3490 1086 contemnere
3551 1031 3725 1101 perci-
3777 1091 3785 1098 ,

447 1117 636 1177 Roma;
661 1131 1042 1180 consecratur,
2139 1115 2250 1186 piat
2276 1114 2482 1187 (1500).
2521 1115 2638 1173 Rex
2667 1116 2985 1175 Wormatia:
3015 1121 3216 1190 pascha
3256 1121 3572 1190 celebravit,
3604 1132 3727 1192 post

1108 1213 1398 1269 MLXXIV.
2137 1216 2484 1278 pentecosten
2524 1209 2826 1266 exercitum
2868 1209 2924 1264 in
2977 1208 3273 1266 Saxoniam
3321 1213 3619 1283 promovit,
3669 1213 3726 1268 in

515 1303 804 1362 licini-iens
829 1321 924 1360 rex
952 1306 1272 1362 absentibus
1309 1307 1395 1364 sui
1428 1307 1581 1380 regni
1605 1304 1944 1378 principibus
1969 1321 2036 1363 eo
2137 1315 2247 1370 qua
2276 1301 2619 1370 expeditione
2647 1301 3062 1358 innumerabilis
3084 1303 3375 1358 multitudo
3410 1304 3444 1359 5
3477 1301 3608 1358 Idus
3631 1301 3726 1358 Ju-

444 1406 605 1464 pacto
651 1399 974 1466 paciiicatur
1033 1414 1159 1454 cum
1209 1398 1546 1465 Saxonibus,
1598 1407 1658 1453 ut
1703 1399 2036 1455 munitiones
2137 1391 2397 1462 uiiiuxta
2425 1391 2631 1466 ﬂumen
2665 1394 2887 1450 nomine
2921 1392 3187 1450 Unstrout
3215 1395 3494 1466 utrimque
3516 1395 3726 1452 cecide-

443 1488 715 1556 praedicta
757 1489 1193 1558 (Iesu-ueremur,
1235 1496 1458 1562 propter
1503 1507 1642 1561 quas
1679 1491 1872 1548 seditio
1914 1500 2035 1547 om
2138 1493 2289 1550 runt,
2312 1491 2366 1538 et
2402 1485 2558 1538 multi
2591 1500 2658 1539 ex
2689 1483 3002 1541 Saxonibus
3027 1487 3142 1557 regi
3173 1487 3242 1542 ad
3271 1487 3608 1543 deditionem
3630 1503 3725 1542 ve-

442 1590 550 1645 est,
579 1597 703 1653 quae
730 1591 784 1638 et
810 1590 1000 1653 postea
1029 1592 1158 1640 sunt
1181 1584 1491 1640 destructas.
1519 1581 1823 1640 Roudoll‘us
1849 1583 1958 1638 dux
1981 1591 2036 1638 et
2067 1640 2108 1653 _
2137 1583 2352 1630 nerunt.
2394 1574 2673 1632 Detwinus
2725 1575 3078 1652 Leodicensis
3121 1579 3412 1649 episcopus
3457 1580 3724 1645 decessit;

377 1681 384 1686 '
442 1671 611 1726 ceteri
643 1673 1069 1730 reconciliantur
1099 1674 1234 1746 regi.
1272 1673 1389 1731 Hoc
1414 1683 1656 1744 tempore
1687 1674 1853 1744 legati
1889 1673 2035 1729 sedis
2067 1640 2110 1695 Β
2135 1666 2224 1722 eiii
2282 1665 2570 1723 Heinricns
2633 1669 2918 1724 successit.
2968 1668 3129 1725 Anno
3181 1671 3510 1726 venerabilis
3559 1671 3726 1727 Colo—

443 1764 755 1833 apostolicaa
784 1765 843 1819 in.
867 1765 1248 1820 Alemanniam
1280 1767 1348 1821 ad
1379 1781 1560 1836 regem
1591 1781 1810 1830 venere,
1841 1778 1940 1834 pro
1965 1765 2021 1796 ³¹⁵

2148 1757 2346 1814 Iliensis
2391 1757 2860 1830 archiepisc0pus,
2901 1759 3054 1816 mira:
3098 1762 3426 1828 sanctitatis,
3455 1762 3726 1833 requievit

443 1855 618 1926 ipsius
647 1856 792 1928 regis
816 1858 1065 1914 moribus
1089 1858 1446 1929 corrigendis.
1482 1857 1542 1912 In
1573 1867 1811 1926 quorum
1838 1869 2034 1910 manus
2137 1849 2192 1902 in
2243 1861 2378 1919 pace
2422 1849 2458 1903 2
2492 1848 2677 1906 Nonas
2718 1848 3067 1920 Decembris;
3109 1853 3200 1908 eui
3240 1852 3518 1922 Hiltoll'us,
3552 1855 3728 1926 impar

441 1964 500 2002 se
545 1963 641 2002 rex
687 1949 804 2018 ipse
847 1949 952 2004 sub
989 1950 1350 2006 correctionis
1392 1949 1688 2020 sponsione
1736 1946 2031 2014 commisit,
2136 1951 2332 2010 genere
2357 1949 2413 1996 et
2445 1942 2712 2010 moribus,
2740 1943 3025 1998 successit.

441 2053 716 2110 suumque
744 2041 1006 2096 auxilium
1031 2042 1237 2098 domno
1260 2041 1560 2112 apostolico
1589 2042 1658 2096 ad
1683 2039 2034 2110 deponendos
2783 2033 3073 2090 MLXXVI.

444 2131 790 2202 symoniaeos
837 2131 1152 2188 ﬁrmissime
1200 2133 1473 2204 promisit.
1523 2131 1632 2202 Ipsi
1675 2131 1840 2188 etiam
1887 2131 2035 2201 regis
2205 2123 2323 2179 Rex
2362 2125 2602 2181 natalem
2647 2124 2866 2180 Domini
2902 2125 3151 2184 GOSial'ie
3189 2129 3500 2197 celebrant.
3543 2129 3728 2201 ibique

441 2221 742 2276 consiliarii
769 2235 963 2277 omnes
1003 2238 1090 2278 res
1123 2223 1463 2278 melesiarum
1503 2223 1704 2294 injuste
1734 2220 2034 2291 acduisitas
2135 2218 2409 2288 quosdam
2433 2219 2622 2290 jnrare
2651 2221 2936 2290 compulit,
2958 2230 3019 2276 ut
3044 2221 3217 2278 ﬁlium
3243 2224 3364 2294 ejus
3389 2234 3514 2295 post
3544 2225 3726 2296 ipsum

442 2325 502 2364 se
533 2310 864 2377 reddituros,
887 2327 1075 2367 coram
1098 2314 1304 2369 eisdem
1335 2315 1526 2385 legatis
1554 2314 1658 2369 sub
1687 2321 2034 2370 sacramento
2136 2310 2402 2382 eligerent
2425 2313 2495 2368 ad
2524 2328 2775 2384 regnum.
2819 2313 2916 2369 His
2953 2316 3292 2386 temporibus
3320 2333 3416 2373 rex
3436 2316 3726 2374 Heinricus

441 2399 775 2468 promisere;
825 2403 1028 2472 quippe
1069 2403 1164 2472 qui
1209 2404 1424 2460 easdem
1483 2419 1572 2460 res
1619 2421 1649 2461 a
1698 2401 2032 2477 symoniacis
2134 2403 2626 2474 persymoniacam
2655 2404 2893 2461 heresim
2932 2415 3181 2462 sanetam
3205 2409 3511 2464 aecclesiam
3542 2408 3726 2468 fedare

443 2501 716 2560 emerunt,
745 2493 977 2550 consilio
1011 2510 1114 2550 suo
1142 2496 1362 2552 eosdem
1403 2495 1654 2567 indignos
1687 2497 1754 2552 ad
1788 2495 2032 2551 aciesia-
2135 2510 2245 2550 non
2283 2496 2539 2563 cessavit,
2576 2496 2787 2552 scilicet
2813 2513 2912 2568 pro
2940 2498 3126 2568 precio
3152 2500 3526 2570 episcopatus,
3559 2500 3726 2556 abba-

441 2583 643 2638 sticum
684 2585 949 2642 honorem
987 2587 1312 2658 adjuvando.
1361 2583 1458 2643 His
1494 2589 1569 2647 ita
1608 2589 1910 2660 dispositis,
1949 2587 2032 2642 le-
2135 2586 2258 2654 tias,
2285 2594 2340 2643 et
2375 2587 2483 2643 alia
2513 2587 3211 2658 hujusmodiinvestiendo,
3243 2599 3296 2646 et
3319 2592 3462 2646 inter
3481 2592 3591 2648 alia
3617 2592 3724 2648 cri-

439 2675 552 2745 gati
582 2677 726 2733 sedis
751 2679 1066 2748 apostolicae
1093 2682 1374 2737 redierunt
1397 2683 1467 2716 ⁸³⁸
1491 2682 1695 2754 (1296).
1723 2683 2028 2742 Herem“.
2134 2679 2283 2733 mitia
2325 2679 2494 2734 etiam
2534 2680 3027 2737 excommunicatis
3073 2682 3550 2738 communicando.
3591 2682 3720 2738 Cin-

447 2782 552 2822 nus
574 2769 844 2838 marchio,
879 2772 1026 2828 illius
1049 2772 1116 2804 ³¹⁷
1153 2772 1390 2828 Bertaldi
1429 2775 1606 2842 ducis,
1645 2775 1893 2832 Cluniaci
1929 2791 2034 2832 an~
2133 2770 2245 2825 tius
2269 2771 2578 2842 “quidam
2601 2769 2886 2826 Romanus
2908 2771 3065 2839 civis,
3097 2772 3420 2846 Gregorium
3442 2789 3641 2844 papam
3669 2773 3720 2827 in

439 2857 668 2930 gelicam
712 2862 884 2918 vitam
933 2863 1332 2934 perfectissime
1383 2866 1654 2936 arripiens
1708 2867 1808 2934 ³⁸⁷,
1854 2869 2032 2925 adhuc
2133 2863 2219 2918 die
2241 2862 2440 2917 natalis
2477 2861 2694 2918 Domini
2728 2863 3028 2919 missarum
3069 2865 3333 2920 solemnia
3359 2865 3719 2920 celebrantem

441 2951 779 3021 adolescens,
805 2971 977 3010 uxore
999 2965 1053 3011 et
1079 2957 1243 3013 unico
1265 2957 1378 3013 lilio
1403 2967 1457 3013 et
1481 2959 1737 3014 omnibus
1761 2975 1885 3030 quae
1904 2976 2033 3030 pose
2057 2982 2099 3041 ρ
2133 2954 2574 3024 comprehendit;
2601 2971 2764 3025 quem
2794 2955 2869 3010 ita
2907 2956 3366 3026 comprehensum
3397 2956 3625 3026 quidam
3657 2973 3720 3011 ex

441 3043 656 3100 sedem;
697 3045 969 3104 derelictis
1013 3048 1104 3116 us,
1151 3065 1276 3106 vere
1308 3051 1634 3119 ωοηηριεας,
1677 3051 1933 3123 migravit
1963 3053 2032 3109 ad
2133 3047 2398 3102 militibus
2413 3047 2661 3118 ejusdem
2681 3047 2848 3104 Cimii
2869 3049 3118 3104 occidere
3145 3049 3456 3104 destinavit.
3485 3050 3582 3106 Set
3599 3065 3718 3105 cum

441 3133 759 3206 Dominum,
797 3138 828 3193 7
872 3139 1101 3198 Kalend.
1129 3140 1257 3196 Maii
1289 3143 1494 3214 (1297).
2133 3140 2374 3213 gladium
2405 3155 2570 3210 super
2585 3149 2748 3212 caput
2767 3141 2887 3212 ejus
2907 3142 3154 3209 libraret,
3176 3142 3347 3198 nimio
3369 3151 3586 3198 terrere
3611 3157 3723 3198 cor-

1099 3232 1366 3289 MLXXV.
2133 3242 2318 3304 t'eptus
2347 3233 2573 3298 corruit,
2603 3249 2705 3289 nec
2733 3234 3008 3305 inceptum
3059 3235 3226 3312 ictum
3271 3235 3490 3306 explere
3525 3234 3717 3306 potuit.

515 3317 807 3380 Ileinricus
861 3341 955 3381 rex
1009 3325 1350 3383 nativitatem
1402 3326 1620 3383 Domini
1677 3328 2032 3400 Argentoraci
2132 3326 2350 3382 Cintius
2373 3334 2556 3382 autem
2581 3341 2778 3396 papam
2805 3327 2860 3382 in
2889 3327 3081 3382 turrim
3117 3344 3272 3383 suam
3297 3337 3521 3398 captum
3551 3327 3720 3382 dedu-

441 3411 587 3468 fecit.
623 3400 1037 3484 Expediticnem
1081 3419 1140 3474 in
1183 3418 1482 3475 Saxoniam
1521 3421 1812 3476 ordinavit.
1859 3418 2030 3476 Here-
2136 3421 2233 3484 xit,
2273 3434 2398 3489 qua:
2442 3419 2626 3474 statim
2672 3433 2704 3472 a
2748 3417 3012 3474 Romanis
3049 3419 3266 3489 penitus
3293 3419 3724 3489 dilapidatur,et

445 3519 682 3560 mannus
704 3505 1164 3580 Babinbergensis
1185 3511 1499 3580 episcopus,
1523 3528 1556 3566 a
1580 3511 1798 3568 clericis
1823 3512 1938 3566 suis
1962 3511 2030 3543 ⁸¹⁹
2131 3529 2270 3584 papa
2317 3511 2616 3582 prudenter
2658 3511 2910 3581 eripitur,
2953 3511 3050 3580 qui
3092 3519 3146 3566 et
3166 3526 3273 3566 suo
3314 3511 3528 3581 captori
3561 3511 3651 3565 vix
3692 3525 3724 3564 ι

443 3609 544 3664 pro
576 3595 876 3652 simoniaea
906 3599 1086 3656 heresi
1123 3611 1434 3669 accusatus,
1479 3618 1510 3656 a
1549 3619 1690 3672 papa
1721 3603 2028 3674 deponitur,
2134 3603 2396 3659 Romanis
2424 3603 2595 3657 vitam
2639 3603 2968 3672 impetravit.
3014 3601 3150 3660 Cum
3177 3611 3362 3658 autem
3401 3619 3498 3658 rex
3542 3602 3723 3672 sepius

444 3685 534 3739 cui
560 3683 871 3745 Roubertus
900 3690 1266 3747 substituitur.
1293 3691 1590 3764 Gregorius
1613 3711 1754 3765 papa
1777 3695 1832 3749 in
1857 3695 2032 3766 prima
2129 3696 2242 3768 jam
2275 3695 2483 3750 dudum
2510 3709 2542 3748 a
2569 3709 2708 3765 papa
2739 3694 3095 3764 praemonitus
3125 3710 3184 3750 se
3223 3693 3502 3764 corrigere
3537 3695 3724 3758 nollet,

446 3777 750 3847 cpdomada
799 3782 1232 3854 quadragesimae
1291 3785 1548 3844 sinodum
1611 3785 1802 3842 Romae
1867 3788 2032 3843 colle-
2133 3797 2186 3842 et
2211 3803 2348 3858 papa
2387 3785 2445 3840 in
2491 3786 2838 3840 admonendo
2879 3785 2956 3840 nil
2991 3785 3295 3856 proliceret,
3346 3787 3416 3841 ad
3467 3787 3725 3842 ultimum

444 3870 522 3938 git
549 3869 756 3940 (1298),
781 3871 836 3928 in
861 3889 969 3944 qua
995 3890 1222 3932 causam
1251 3876 1492 3934 Heinrici
1515 3880 1583 3910 ³⁸⁸
1613 3877 1889 3950 Spirensis
1917 3881 2032 3950 epi-
2133 3877 2412 3933 mandavit
2449 3877 2521 3945 ei,
2552 3878 2697 3948 quod
2729 3877 2786 3932 in
2813 3877 3059 3933 Romana
3089 3877 3284 3934 sinodo
3313 3887 3445 3933 tunc
3473 3879 3726 3948 proxima

444 3960 616 4030 scopi,
660 3971 743 4018 set
772 3964 1084 4037 simoniaci,
1110 3969 1461 4026 examinavit.
1506 3971 1610 4039 Qui
1646 3972 1763 4044 ipsa
1789 3971 1876 4028 die
1906 3989 2030 4029 cum
2133 3985 2261 4026 eum
2322 3971 2902 4026 excommunicaturus
2949 3978 3130 4037 esset,
3194 3969 3301 4026 nisi
3351 3970 3720 4040 resipisceret.

441 4053 846 4112 examinaretur
883 4073 1048 4116 causa
1091 4063 1211 4132 ejus
1253 4063 1468 4131 Romae,
1511 4065 1564 4120 id
1598 4065 1699 4135 {est
1735 4064 1768 4120 6
1803 4064 2026 4121 Kalend.
2133 4061 2266 4128 Quae
2302 4062 2500 4133 legatio
2533 4061 2590 4116 in
2626 4062 2837 4117 octavis
2867 4060 3085 4116 Domini
3128 4061 3195 4116 ad
3226 4076 3409 4132 regem
3451 4061 3720 4130 pervenit.

442 4141 650 4212 Marcii,
683 4145 994 4208 inﬁrmatus
1027 4165 1114 4209 est
1153 4153 1354 4225 Spirae,
1381 4158 1474 4212 sed
1505 4157 1698 4212 deinde
1734 4157 1768 4212 4
1801 4155 2025 4212 Kalend.
2135 4151 2290 4210 Unde
2323 4169 2418 4208 rex
2457 4152 2639 4224 (1501)
2665 4153 2722 4207 in
2753 4153 3153 4223 septuagesima
3184 4152 3252 4184 ³³⁸
3285 4151 3427 4222 apud
3461 4150 3721 4206 Wonna-

441 4233 620 4290 Martii
647 4240 1030 4298 miserabiliter
1055 4247 1342 4316 expiravit,
1367 4249 1586 4319 quando
1625 4257 1677 4304 et
1700 4265 1732 4303 a
1768 4247 2031 4320 Gregorio
2133 4246 2266 4300 tiam
2309 4245 2584 4315 colloquio
2621 4244 2792 4312 facto,
2826 4253 2882 4300 et
2924 4244 3034 4299 alio
3059 4244 3114 4299 in
3145 4243 3534 4316 Longobardia
3580 4242 3726 4314 apud

441 4341 583 4398 papa
606 4330 888 4389 dillinitam
935 4352 1050 4392 sua:
1071 4339 1440 4397 damnationis
1465 4340 1791 4396 sententiam
1834 4339 1890 4394 in
1915 4337 2029 4395 Ilo-
2060 4328 2106 4382 D
2129 4337 2484 4406 Placentiam,
2537 4353 2729 4392 omnes
2769 4353 2912 4408 quos
2959 4336 3133 4407 potuit
3172 4335 3540 4392 obedientiam
3579 4349 3725 4407 prte-

438 4434 602 4478 mana
633 4423 827 4480 sinodo
870 4429 1084 4499 excepit
1118 4429 1326 4504 (1299-).
1367 4431 1425 4486 In
1462 4433 1657 4489 eadem
1704 4432 1900 4489 sinodo
1933 4433 2028 4488 de-
2133 4431 2278 4487 dicto
2297 4445 2452 4500 papte
2477 4428 2842 4484 exhibendam
2876 4429 3130 4500 abjurare
3174 4428 3322 4496 fecit,
3363 4437 3419 4484 et
3446 4427 3625 4484 missa
3646 4427 3725 4484 κο

1730 4571 1968 4630 VARle
2009 4571 2406 4629 LECTIOLVES.

519 4675 664 4756 'f’p.
686 4677 720 4756 i_.
750 4694 796 4732 r.
824 4695 898 4734 m.
927 4696 974 4736 c.
1001 4683 1056 4736 in
1079 4682 1192 4738 loco
1217 4701 1337 4756 raso
1353 4687 1536 4741 eadem
1560 4697 1733 4742 tamen
1755 4703 1916 4740 manu
1943 4685 2022 4750 1.,
2050 4693 2102 4738 et
2117 4685 2310 4739 adsunt
2327 4686 2380 4738 in
2410 4685 2644 4756 reliquis.
2722 4685 2792 4718 ⁸⁸⁸
2814 4686 2935 4738 hinc
2955 4685 3078 4738 inde
3105 4682 3256 4756 aliud
3282 4689 3644 4756 atramentum
3667 4681 3715 4738 1.

439 4741 507 4826 ’ξ’
532 4743 572 4798 ῑ.
597 4741 652 4826 li.
680 4748 733 4803 d.
760 4758 812 4802 et
838 4767 888 4826 ἓ.
921 4768 1055 4826 νηρ.
1085 4771 1136 4826 a.
1173 4756 1227 4808 in
1255 4755 1370 4811 loco
1397 4775 1518 4810 raso
1548 4759 1598 4812 1.
1626 4760 1716 4812 sed
1747 4758 1930 4812 eadem
1965 4741 2148 4822 manu,
2174 4765 2224 4810 et
2253 4757 2448 4808 adsunt
2475 4741 2532 4809 iii
2565 4755 2800 4826 reliquis.
2898 4757 2966 4788 ³²⁸
2996 4756 3042 4811 is
3065 4753 3255 4826 inloco
3284 4753 3488 4826 rg§9__i.
3569 4751 3640 4783 ⁸’⁹
3665 4767 3716 4826 ᾳ.

439 4814 510 4869 cl.
541 4830 590 4872 s.
616 4817 806 4874 desunt
837 4821 892 4875 2.
971 4814 1040 4856 ³⁵⁸
1071 4824 1213 4880 deest
1236 4827 1288 4882 5.
1355 4827 1421 4860 ³³¹
1451 4827 1666 4885 Cintius
1684 4859 1751 4868 --
1770 4814 2146 4883 celebrantem
2161 4827 2218 4880 in
2248 4825 2362 4880 loco
2391 4843 2534 4892 raso,
2564 4827 2655 4880 sed
2673 4814 2869 4882 eadem
2899 4843 3058 4882 manu
3083 4826 3132 4880 1.
3211 4825 3278 4856 ³³⁸
3305 4820 3547 4878 LXXma
3573 4837 3646 4892 ορ
3669 4821 3717 4880 1.

1943 4960 2174 5017 ΝΟΤΙΕ.

730 5064 988 5142 Gregorii
1002 5067 1122 5142 _V1_l_,
1159 5069 1364 5142 Regist.
1399 5069 1438 5136 I,
1470 5072 1570 5137 83;
1603 5071 1668 5137 ῐσῖ,
1701 5073 1788 5127 50.
2127 5074 2524 5128 damnationem
2554 5069 2819 5142 Spirensis
2845 5071 3074 5140 episcopi
3109 5079 3160 5142 et
3198 5068 3578 5142 mortem_ej_r:s
3605 5077 3720 5121 stu—

805 5109 1038 5216 Kbal.‘1§l_.
1067 5109 1279 5216 Nizct‘qi:
1296 5109 1586 5197 c,Beritoldi.
1653 5115 1668 5137 ’
1701 5109 1788 5127 ω’
2126 5109 2752 5216 (Ἶῖδὲῒξοηεὶᾴωςεέζ-ειο.
2783 5109 3211 5213 Reliquarhabes
3234 5155 3398 5210 supra
3429 5109 3598 5208 htijus
3621 5153 3720 5192 vo-

513 5204 699 5276 (5298)
740 5204 915 5276 Mansi
947 5206 1068 5274 XX,
1094 5226 1144 5276 p.
1177 5212 1300 5266 445.
2129 5213 2352 5268 luminis
2377 5213 2481 5268 col.
2519 5204 2676 5266 1170.

513 5274 698 5355 @299)
858 5276 1047 5356 eadem
1093 5274 1203 5334 fere
1242 5282 1406 5337 verba
1435 5282 1489 5335 in
1517 5281 1746 5352 epistola
1776 5284 1842 5339 de
1869 5284 2024 5339 dam-
2197 5283 2382 5404 $1300:
2422 5282 2647 5404 Apolog.
2675 5283 2876 5338 deeret.
2903 5281 3087 5351 Greg.,
3113 5281 3218 5363 col.
3255 5279 3411 5334 1107.
3443 5351 3455 5361 ⁸
3609 5348 3622 5360 _

517 5355 663 5400 tione
700 5347 1175 5402 schismattcorum
1219 5365 1305 5404 an.
1353 5351 1686 5404 Ussermann
1723 5353 1917 5404 Prodr.
1951 5355 2016 5404 II-
2225 5353 2352 5404 1501
2419 5351 2460 5404 Ο
2493 5391 2504 5404 .
2537 5353 2824 5404 emstolam
2853 5353 2922 5404 de
2947 5352 3299 5404 damnatione
3338 5351 3622 5404 schismatt

441 5347 663 5420 natione
700 5347 1175 5420 schismaticorum
1218 5365 1305 5420 ap.
1353 5347 1686 5407 Usserniann
1723 5353 1917 5409 Prodr.
1951 5355 2016 5420 II,
2199 5347 2381 5420 (-1501)
2419 5347 2504 5405 Ci.
2537 5347 2824 5420 epistolam
2853 5353 2922 5407 de
2947 5347 3299 5406 damnatione
3338 5348 3720 5420 schismatico-

443 5429 496 5474 D.
517 5415 626 5470 268
651 5426 706 5470 et
731 5416 1038 5474 anolottiam
1065 5432 1164 5474 ιιι-0
1203 5415 1488 5474 Gebhardo
1514 5421 1705 5474 Const.
1736 5441 1821 5474 en.
1860 5415 2016 5474 ihidf.
2125 5415 2250 5474 rum
2287 5415 2393 5474 col.
2436 5415 2595 5474 1169'.
2623 5421 2719 5474 ubi
2765 5437 2814 5474 ρ.
2857 5437 2910 5474 tr.
2939 5421 3055 5474 hinc
3080 5421 3336 5474 leniatur
3363 5437 3375 5470 :
3407 5419 3562 5474 Anna
3604 5418 3714 5474 iei-
