  <div class='ocr_page' id='page_1' title='image "/cluster/home/n/w/nwhite01/storage/ocr_20150623/148/hvd.32044015471840/684.png"; bbox 0 0 3996 5474; ppageno 0'>
   <div class='ocr_carea' id='block_1_1' title="bbox 216 298 353 355">
    <p class='ocr_par' dir='ltr' id='par_1_1' title="bbox 216 298 353 355">
     <span class='ocr_line' id='line_1_1' title="bbox 216 298 353 355; baseline -0.015 0"><span class='ocrx_word' id='word_1_1' title='bbox 216 298 353 355; x_wconf 78' lang='grc'><strong>1575</strong></span> 
     </span>
    </p>
   </div>
   <div class='ocr_carea' id='block_1_2' title="bbox 1095 295 2591 357">
    <p class='ocr_par' dir='ltr' id='par_1_2' title="bbox 1095 295 2591 357">
     <span class='ocr_line' id='line_1_2' title="bbox 1095 295 2591 357; baseline -0.002 -2"><span class='ocrx_word' id='word_1_2' title='bbox 1095 301 1384 357; x_wconf 81' lang='lat' dir='ltr'><strong>APPEND.</strong></span> <span class='ocrx_word' id='word_1_3' title='bbox 1425 300 1509 355; x_wconf 89' lang='lat' dir='ltr'><strong>lll.</strong></span> <span class='ocrx_word' id='word_1_4' title='bbox 1547 330 1618 341; x_wconf 92' lang='lat'><em>—</em></span> <span class='ocrx_word' id='word_1_5' title='bbox 1650 296 2087 355; x_wconf 73' lang='lat' dir='ltr'><strong>MONUMENTA</strong></span> <span class='ocrx_word' id='word_1_6' title='bbox 2123 295 2591 356; x_wconf 81' lang='lat' dir='ltr'><strong>CREGORIANA.</strong></span> 
     </span>
    </p>
   </div>
   <div class='ocr_carea' id='block_1_3' title="bbox 3337 291 3478 352">
    <p class='ocr_par' dir='ltr' id='par_1_3' title="bbox 3337 291 3478 352">
     <span class='ocr_line' id='line_1_3' title="bbox 3337 291 3478 352; baseline -0.007 0"><span class='ocrx_word' id='word_1_7' title='bbox 3337 291 3478 352; x_wconf 65' lang='lat' dir='ltr'><strong>F575</strong></span> 
     </span>
    </p>
   </div>
   <div class='ocr_carea' id='block_1_4' title="bbox 214 408 3475 486">
    <p class='ocr_par' dir='ltr' id='par_1_4' title="bbox 214 408 3475 486">
     <span class='ocr_line' id='line_1_4' title="bbox 214 408 3475 486; baseline 0.001 -20"><span class='ocrx_word' id='word_1_8' title='bbox 214 413 430 483; x_wconf 86' lang='lat' dir='ltr'><strong>gatione</strong></span> <span class='ocrx_word' id='word_1_9' title='bbox 474 409 541 471; x_wconf 82' lang='lat' dir='ltr'><strong>ad</strong></span> <span class='ocrx_word' id='word_1_10' title='bbox 594 408 899 466; x_wconf 78' lang='lat' dir='ltr'><strong>Romanam</strong></span> <span class='ocrx_word' id='word_1_11' title='bbox 954 412 1231 481; x_wconf 89' lang='lat' dir='ltr'><strong>sinodum,</strong></span> <span class='ocrx_word' id='word_1_12' title='bbox 1282 430 1404 486; x_wconf 66' lang='lat' dir='ltr'><strong>quas</strong></span> <span class='ocrx_word' id='word_1_13' title='bbox 1446 415 1501 469; x_wconf 93' lang='lat' dir='ltr'><strong>in</strong></span> <span class='ocrx_word' id='word_1_14' title='bbox 1546 413 1794 485; x_wconf 86' lang='lat' dir='ltr'><strong>proxima</strong></span> <span class='ocrx_word' id='word_1_15' title='bbox 1826 415 1871 470; x_wconf 84' lang='lat' dir='ltr'><strong>A</strong></span> <span class='ocrx_word' id='word_1_16' title='bbox 1898 411 2052 469; x_wconf 84' lang='lat' dir='ltr'><strong>Unde</strong></span> <span class='ocrx_word' id='word_1_17' title='bbox 2073 422 2127 469; x_wconf 89' lang='lat' dir='ltr'><strong>et</strong></span> <span class='ocrx_word' id='word_1_18' title='bbox 2148 431 2286 486; x_wconf 91' lang='lat' dir='ltr'><strong>papa</strong></span> <span class='ocrx_word' id='word_1_19' title='bbox 2316 414 2500 470; x_wconf 81' lang='lat' dir='ltr'><strong>missis</strong></span> <span class='ocrx_word' id='word_1_20' title='bbox 2529 411 2723 484; x_wconf 90' lang='lat' dir='ltr'><strong>legatis</strong></span> <span class='ocrx_word' id='word_1_21' title='bbox 2754 410 3092 483; x_wconf 82' lang='lat' dir='ltr'><strong>principibus</strong></span> <span class='ocrx_word' id='word_1_22' title='bbox 3113 413 3265 485; x_wconf 90' lang='lat' dir='ltr'><strong>regni</strong></span> <span class='ocrx_word' id='word_1_23' title='bbox 3290 413 3475 469; x_wconf 87' lang='lat' dir='ltr'><strong>decla-</strong></span> 
     </span>
    </p>
   </div>
   <div class='ocr_carea' id='block_1_5' title="bbox 214 503 1793 577">
    <p class='ocr_par' dir='ltr' id='par_1_5' title="bbox 214 503 1793 577">
     <span class='ocr_line' id='line_1_5' title="bbox 214 503 1793 577; baseline -0.001 -19"><span class='ocrx_word' id='word_1_24' title='bbox 214 503 633 577; x_wconf 88' lang='lat' dir='ltr'><strong>quadragesima</strong></span> <span class='ocrx_word' id='word_1_25' title='bbox 667 503 938 560; x_wconf 88' lang='lat' dir='ltr'><strong>celebrata</strong></span> <span class='ocrx_word' id='word_1_26' title='bbox 971 513 1054 560; x_wconf 89' lang='lat' dir='ltr'><strong>est</strong></span> <span class='ocrx_word' id='word_1_27' title='bbox 1080 505 1286 576; x_wconf 72' lang='lat'><strong>(1502),</strong></span> <span class='ocrx_word' id='word_1_28' title='bbox 1322 507 1502 576; x_wconf 90' lang='lat' dir='ltr'><strong>ipsum</strong></span> <span class='ocrx_word' id='word_1_29' title='bbox 1533 505 1793 576; x_wconf 88' lang='lat' dir='ltr'><strong>apostoli-</strong></span> 
     </span>
    </p>
   </div>
   <div class='ocr_carea' id='block_1_6' title="bbox 215 596 1793 668">
    <p class='ocr_par' dir='ltr' id='par_1_6' title="bbox 215 596 1793 668">
     <span class='ocr_line' id='line_1_6' title="bbox 215 596 1793 668; baseline 0.001 -18"><span class='ocrx_word' id='word_1_30' title='bbox 215 612 340 651; x_wconf 90' lang='lat' dir='ltr'><strong>cum</strong></span> <span class='ocrx_word' id='word_1_31' title='bbox 371 597 441 651; x_wconf 90' lang='lat' dir='ltr'><strong>ab</strong></span> <span class='ocrx_word' id='word_1_32' title='bbox 476 596 775 665; x_wconf 86' lang='lat' dir='ltr'><strong>apostolica</strong></span> <span class='ocrx_word' id='word_1_33' title='bbox 811 598 937 652; x_wconf 89' lang='lat' dir='ltr'><strong>sede</strong></span> <span class='ocrx_word' id='word_1_34' title='bbox 962 598 1357 653; x_wconf 71' lang='lat' dir='ltr'><strong>contumaciter</strong></span> <span class='ocrx_word' id='word_1_35' title='bbox 1377 598 1542 668; x_wconf 82' lang='lat' dir='ltr'><strong>jussit</strong></span> <span class='ocrx_word' id='word_1_36' title='bbox 1565 597 1793 652; x_wconf 88' lang='lat' dir='ltr'><strong>descen-</strong></span> 
     </span>
    </p>
   </div>
   <div class='ocr_carea' id='block_1_7' title="bbox 214 680 1796 761">
    <p class='ocr_par' dir='ltr' id='par_1_7' title="bbox 214 680 1796 761">
     <span class='ocr_line' id='line_1_7' title="bbox 214 680 1796 761; baseline -0.001 -18"><span class='ocrx_word' id='word_1_37' title='bbox 214 680 340 743; x_wconf 75' lang='lat' dir='ltr'><strong>dere</strong></span> <span class='ocrx_word' id='word_1_38' title='bbox 388 686 595 759; x_wconf 90' lang='grc'><strong>(1505).</strong></span> <span class='ocrx_word' id='word_1_39' title='bbox 647 686 741 742; x_wconf 93' lang='lat' dir='ltr'><strong>Set</strong></span> <span class='ocrx_word' id='word_1_40' title='bbox 787 688 943 761; x_wconf 82' lang='lat' dir='ltr'><strong>missi</strong></span> <span class='ocrx_word' id='word_1_41' title='bbox 994 689 1116 759; x_wconf 90' lang='lat' dir='ltr'><strong>ejus</strong></span> <span class='ocrx_word' id='word_1_42' title='bbox 1156 689 1469 760; x_wconf 79' lang='lat' dir='ltr'><strong>turpissime</strong></span> <span class='ocrx_word' id='word_1_43' title='bbox 1518 689 1573 743; x_wconf 92' lang='lat' dir='ltr'><strong>in</strong></span> <span class='ocrx_word' id='word_1_44' title='bbox 1602 688 1796 743; x_wconf 89' lang='lat' dir='ltr'><strong>sinodo</strong></span> 
     </span>
    </p>
   </div>
   <div class='ocr_carea' id='block_1_8' title="bbox 215 779 1790 852">
    <p class='ocr_par' dir='ltr' id='par_1_8' title="bbox 215 779 1790 852">
     <span class='ocr_line' id='line_1_8' title="bbox 215 779 1790 852; baseline -0.001 -17"><span class='ocrx_word' id='word_1_45' title='bbox 215 780 453 848; x_wconf 86' lang='lat' dir='ltr'><strong>tractati,</strong></span> <span class='ocrx_word' id='word_1_46' title='bbox 478 779 570 834; x_wconf 85' lang='lat' dir='ltr'><strong>vix</strong></span> <span class='ocrx_word' id='word_1_47' title='bbox 604 796 634 834; x_wconf 92' lang='lat' dir='ltr'><strong>a</strong></span> <span class='ocrx_word' id='word_1_48' title='bbox 670 779 955 846; x_wconf 80' lang='lat' dir='ltr'><strong>Romanis,</strong></span> <span class='ocrx_word' id='word_1_49' title='bbox 977 780 1268 851; x_wconf 84' lang='lat' dir='ltr'><strong>adjuvante</strong></span> <span class='ocrx_word' id='word_1_50' title='bbox 1295 796 1454 852; x_wconf 89' lang='lat' dir='ltr'><strong>papa,</strong></span> <span class='ocrx_word' id='word_1_51' title='bbox 1480 788 1790 836; x_wconf 90' lang='lat' dir='ltr'><strong>evaserunt.</strong></span> 
     </span>
    </p>
   </div>
   <div class='ocr_carea' id='block_1_9' title="bbox 214 872 1796 944">
    <p class='ocr_par' dir='ltr' id='par_1_9' title="bbox 214 872 1796 944">
     <span class='ocr_line' id='line_1_9' title="bbox 214 872 1796 944; baseline 0.001 -17"><span class='ocrx_word' id='word_1_52' title='bbox 214 872 398 943; x_wconf 84' lang='lat' dir='ltr'><strong>ipsum</strong></span> <span class='ocrx_word' id='word_1_53' title='bbox 439 881 621 927; x_wconf 89' lang='lat' dir='ltr'><strong>autem</strong></span> <span class='ocrx_word' id='word_1_54' title='bbox 645 888 848 944; x_wconf 80' lang='lat' dir='ltr'><strong>regem,</strong></span> <span class='ocrx_word' id='word_1_55' title='bbox 872 873 1067 929; x_wconf 90' lang='lat' dir='ltr'><strong>sinodo</strong></span> <span class='ocrx_word' id='word_1_56' title='bbox 1091 872 1382 941; x_wconf 80' lang='lat' dir='ltr'><strong>indicante,</strong></span> <span class='ocrx_word' id='word_1_57' title='bbox 1424 873 1676 928; x_wconf 86' lang='lat' dir='ltr'><strong>ﬁdelitate</strong></span> <span class='ocrx_word' id='word_1_58' title='bbox 1695 873 1796 928; x_wconf 89' lang='lat' dir='ltr'><strong>ho—</strong></span> 
     </span>
    </p>
   </div>
   <div class='ocr_carea' id='block_1_10' title="bbox 216 963 1796 1038">
    <p class='ocr_par' dir='ltr' id='par_1_10' title="bbox 216 963 1796 1038">
     <span class='ocr_line' id='line_1_10' title="bbox 216 963 1796 1038; baseline -0.002 -17"><span class='ocrx_word' id='word_1_59' title='bbox 216 965 449 1034; x_wconf 90' lang='lat' dir='ltr'><strong>minum,</strong></span> <span class='ocrx_word' id='word_1_60' title='bbox 476 982 646 1038; x_wconf 88' lang='lat' dir='ltr'><strong>regno</strong></span> <span class='ocrx_word' id='word_1_61' title='bbox 678 975 732 1021; x_wconf 90' lang='lat' dir='ltr'><strong>et</strong></span> <span class='ocrx_word' id='word_1_62' title='bbox 757 967 1142 1022; x_wconf 89' lang='lat' dir='ltr'><strong>communione</strong></span> <span class='ocrx_word' id='word_1_63' title='bbox 1168 966 1419 1037; x_wconf 77' lang='lat' dir='ltr'><strong>privavit,</strong></span> <span class='ocrx_word' id='word_1_64' title='bbox 1454 974 1509 1021; x_wconf 92' lang='lat' dir='ltr'><strong>et</strong></span> <span class='ocrx_word' id='word_1_65' title='bbox 1529 980 1721 1020; x_wconf 90' lang='lat' dir='ltr'><strong>omnes</strong></span> <span class='ocrx_word' id='word_1_66' title='bbox 1745 963 1796 1019; x_wconf 93' lang='lat' dir='ltr'><strong>ci</strong></span> 
     </span>
    </p>
   </div>
   <div class='ocr_carea' id='block_1_11' title="bbox 215 1056 1797 1129">
    <p class='ocr_par' dir='ltr' id='par_1_11' title="bbox 215 1056 1797 1129">
     <span class='ocr_line' id='line_1_11' title="bbox 215 1056 1797 1129; baseline -0.001 -18"><span class='ocrx_word' id='word_1_67' title='bbox 215 1058 284 1112; x_wconf 91' lang='lat' dir='ltr'><strong>ad</strong></span> <span class='ocrx_word' id='word_1_68' title='bbox 320 1072 550 1129; x_wconf 80' lang='lat' dir='ltr'><strong>regnum</strong></span> <span class='ocrx_word' id='word_1_69' title='bbox 590 1056 806 1128; x_wconf 90' lang='lat' dir='ltr'><strong>juratos</strong></span> <span class='ocrx_word' id='word_1_70' title='bbox 844 1056 1156 1128; x_wconf 88' lang='lat' dir='ltr'><strong>juramento</strong></span> <span class='ocrx_word' id='word_1_71' title='bbox 1191 1058 1440 1113; x_wconf 83' lang='lat' dir='ltr'><strong>absolvit.</strong></span> <span class='ocrx_word' id='word_1_72' title='bbox 1486 1056 1797 1126; x_wconf 83' lang='lat' dir='ltr'><strong>Omnesque</strong></span> 
     </span>
    </p>
   </div>
   <div class='ocr_carea' id='block_1_12' title="bbox 215 1149 1793 1220">
    <p class='ocr_par' dir='ltr' id='par_1_12' title="bbox 215 1149 1793 1220">
     <span class='ocr_line' id='line_1_12' title="bbox 215 1149 1793 1220; baseline 0 -16"><span class='ocrx_word' id='word_1_73' title='bbox 215 1149 521 1220; x_wconf 84' lang='lat' dir='ltr'><strong>episcopos,</strong></span> <span class='ocrx_word' id='word_1_74' title='bbox 549 1149 645 1220; x_wconf 91' lang='lat' dir='ltr'><strong>qui</strong></span> <span class='ocrx_word' id='word_1_75' title='bbox 688 1149 801 1220; x_wconf 88' lang='lat' dir='ltr'><strong>regi</strong></span> <span class='ocrx_word' id='word_1_76' title='bbox 829 1157 1023 1220; x_wconf 88' lang='lat' dir='ltr'><strong>sponte</strong></span> <span class='ocrx_word' id='word_1_77' title='bbox 1058 1159 1248 1204; x_wconf 87' lang='lat' dir='ltr'><strong>contra</strong></span> <span class='ocrx_word' id='word_1_78' title='bbox 1287 1166 1484 1220; x_wconf 89' lang='lat' dir='ltr'><strong>papam</strong></span> <span class='ocrx_word' id='word_1_79' title='bbox 1530 1149 1793 1215; x_wconf 74' lang='lat' dir='ltr'><strong>faverant,</strong></span> 
     </span>
    </p>
   </div>
   <div class='ocr_carea' id='block_1_13' title="bbox 216 1240 1797 1312">
    <p class='ocr_par' dir='ltr' id='par_1_13' title="bbox 216 1240 1797 1312">
     <span class='ocr_line' id='line_1_13' title="bbox 216 1240 1797 1312; baseline 0 -17"><span class='ocrx_word' id='word_1_80' title='bbox 216 1240 392 1298; x_wconf 77' lang='lat' dir='ltr'><strong>ollicio</strong></span> <span class='ocrx_word' id='word_1_81' title='bbox 416 1252 469 1296; x_wconf 90' lang='lat' dir='ltr'><strong>et</strong></span> <span class='ocrx_word' id='word_1_82' title='bbox 498 1242 881 1297; x_wconf 90' lang='lat' dir='ltr'><strong>communione</strong></span> <span class='ocrx_word' id='word_1_83' title='bbox 912 1241 1172 1311; x_wconf 81' lang='lat' dir='ltr'><strong>privavit;</strong></span> <span class='ocrx_word' id='word_1_84' title='bbox 1212 1241 1435 1312; x_wconf 83' lang='lat' dir='ltr'><strong>reliquis</strong></span> <span class='ocrx_word' id='word_1_85' title='bbox 1473 1251 1674 1309; x_wconf 87' lang='lat' dir='ltr'><strong>autem,</strong></span> <span class='ocrx_word' id='word_1_86' title='bbox 1702 1241 1797 1312; x_wconf 91' lang='lat' dir='ltr'><strong>qui</strong></span> 
     </span>
    </p>
   </div>
   <div class='ocr_carea' id='block_1_14' title="bbox 218 1332 1795 1405">
    <p class='ocr_par' dir='ltr' id='par_1_14' title="bbox 218 1332 1795 1405">
     <span class='ocr_line' id='line_1_14' title="bbox 218 1332 1795 1405; baseline 0.003 -20"><span class='ocrx_word' id='word_1_87' title='bbox 218 1332 371 1386; x_wconf 86' lang='lat' dir='ltr'><strong>inviti</strong></span> <span class='ocrx_word' id='word_1_88' title='bbox 403 1332 580 1388; x_wconf 89' lang='lat' dir='ltr'><strong>eidem</strong></span> <span class='ocrx_word' id='word_1_89' title='bbox 616 1333 1010 1403; x_wconf 83' lang='lat' dir='ltr'><strong>conspirationi</strong></span> <span class='ocrx_word' id='word_1_90' title='bbox 1041 1334 1357 1401; x_wconf 83' lang='lat' dir='ltr'><strong>intererant,</strong></span> <span class='ocrx_word' id='word_1_91' title='bbox 1398 1351 1571 1405; x_wconf 90' lang='lat' dir='ltr'><strong>usque</strong></span> <span class='ocrx_word' id='word_1_92' title='bbox 1606 1336 1672 1390; x_wconf 81' lang='lat' dir='ltr'><strong>ad</strong></span> <span class='ocrx_word' id='word_1_93' title='bbox 1714 1334 1795 1390; x_wconf 83' lang='lat' dir='ltr'><strong>fe-</strong></span> 
     </span>
    </p>
   </div>
   <div class='ocr_carea' id='block_1_15' title="bbox 216 1423 1798 1498">
    <p class='ocr_par' dir='ltr' id='par_1_15' title="bbox 216 1423 1798 1498">
     <span class='ocr_line' id='line_1_15' title="bbox 216 1423 1798 1498; baseline 0.001 -18"><span class='ocrx_word' id='word_1_94' title='bbox 216 1424 514 1480; x_wconf 83' lang='lat' dir='ltr'><strong>stivitatem</strong></span> <span class='ocrx_word' id='word_1_95' title='bbox 536 1424 710 1480; x_wconf 88' lang='lat' dir='ltr'><strong>sancti</strong></span> <span class='ocrx_word' id='word_1_96' title='bbox 736 1423 881 1479; x_wconf 89' lang='lat' dir='ltr'><strong>Petri</strong></span> <span class='ocrx_word' id='word_1_97' title='bbox 910 1424 1147 1480; x_wconf 86' lang='lat' dir='ltr'><strong>indutias</strong></span> <span class='ocrx_word' id='word_1_98' title='bbox 1166 1425 1312 1481; x_wconf 80' lang='lat' dir='ltr'><strong>dedit</strong></span> <span class='ocrx_word' id='word_1_99' title='bbox 1334 1425 1536 1498; x_wconf 76' lang='grc'><strong>(1504).</strong></span> <span class='ocrx_word' id='word_1_100' title='bbox 1564 1424 1798 1481; x_wconf 84' lang='lat' dir='ltr'><strong>Gotefri-</strong></span> 
     </span>
    </p>
   </div>
   <div class='ocr_carea' id='block_1_16' title="bbox 215 1514 1797 1590">
    <p class='ocr_par' dir='ltr' id='par_1_16' title="bbox 215 1514 1797 1590">
     <span class='ocr_line' id='line_1_16' title="bbox 215 1514 1797 1590; baseline 0.002 -20"><span class='ocrx_word' id='word_1_101' title='bbox 215 1516 318 1570; x_wconf 89' lang='lat' dir='ltr'><strong>dus</strong></span> <span class='ocrx_word' id='word_1_102' title='bbox 362 1517 513 1582; x_wconf 91' lang='lat' dir='ltr'><strong>dux,</strong></span> <span class='ocrx_word' id='word_1_103' title='bbox 575 1515 719 1590; x_wconf 84' lang='lat' dir='ltr'><strong>ﬁlius</strong></span> <span class='ocrx_word' id='word_1_104' title='bbox 764 1514 1027 1572; x_wconf 85' lang='lat' dir='ltr'><strong>Gotefridi</strong></span> <span class='ocrx_word' id='word_1_105' title='bbox 1076 1517 1255 1585; x_wconf 90' lang='lat' dir='ltr'><strong>ducis,</strong></span> <span class='ocrx_word' id='word_1_106' title='bbox 1308 1518 1580 1589; x_wconf 79' lang='lat' dir='ltr'><strong>particeps</strong></span> <span class='ocrx_word' id='word_1_107' title='bbox 1630 1518 1797 1574; x_wconf 89' lang='lat' dir='ltr'><strong>immo</strong></span> 
     </span>
    </p>
   </div>
   <div class='ocr_carea' id='block_1_17' title="bbox 217 1608 1795 1681">
    <p class='ocr_par' dir='ltr' id='par_1_17' title="bbox 217 1608 1795 1681">
     <span class='ocr_line' id='line_1_17' title="bbox 217 1608 1795 1681; baseline 0.002 -20"><span class='ocrx_word' id='word_1_108' title='bbox 217 1614 410 1663; x_wconf 82' lang='lat' dir='ltr'><strong>auctor</strong></span> <span class='ocrx_word' id='word_1_109' title='bbox 443 1608 768 1678; x_wconf 69' lang='lat' dir='ltr'><strong>supradictae</strong></span> <span class='ocrx_word' id='word_1_110' title='bbox 789 1608 1233 1679; x_wconf 87' lang='lat' dir='ltr'><strong>conspirationis,</strong></span> <span class='ocrx_word' id='word_1_111' title='bbox 1257 1610 1489 1680; x_wconf 87' lang='lat' dir='ltr'><strong>turpiter</strong></span> <span class='ocrx_word' id='word_1_112' title='bbox 1508 1626 1537 1663; x_wconf 88' lang='lat' dir='ltr'><strong>a</strong></span> <span class='ocrx_word' id='word_1_113' title='bbox 1560 1612 1795 1681; x_wconf 88' lang='lat' dir='ltr'><strong>quodam</strong></span> 
     </span>
    </p>
   </div>
   <div class='ocr_carea' id='block_1_18' title="bbox 217 1699 1798 1769">
    <p class='ocr_par' dir='ltr' id='par_1_18' title="bbox 217 1699 1798 1769">
     <span class='ocr_line' id='line_1_18' title="bbox 217 1699 1798 1769; baseline 0.004 -19"><span class='ocrx_word' id='word_1_114' title='bbox 217 1712 392 1768; x_wconf 85' lang='lat' dir='ltr'><strong>coquo</strong></span> <span class='ocrx_word' id='word_1_115' title='bbox 422 1715 519 1769; x_wconf 90' lang='lat' dir='ltr'><strong>per</strong></span> <span class='ocrx_word' id='word_1_116' title='bbox 557 1699 861 1768; x_wconf 88' lang='lat' dir='ltr'><strong>posteriora</strong></span> <span class='ocrx_word' id='word_1_117' title='bbox 901 1716 1027 1755; x_wconf 91' lang='lat' dir='ltr'><strong>cum</strong></span> <span class='ocrx_word' id='word_1_118' title='bbox 1070 1700 1137 1755; x_wconf 91' lang='lat' dir='ltr'><strong>ad</strong></span> <span class='ocrx_word' id='word_1_119' title='bbox 1174 1701 1542 1756; x_wconf 85' lang='lat' dir='ltr'><strong>necessarium</strong></span> <span class='ocrx_word' id='word_1_120' title='bbox 1584 1702 1798 1757; x_wconf 89' lang='lat' dir='ltr'><strong>sederet</strong></span> 
     </span>
    </p>
   </div>
   <div class='ocr_carea' id='block_1_19' title="bbox 218 1765 1871 1865">
    <p class='ocr_par' dir='ltr' id='par_1_19' title="bbox 218 1765 1871 1865">
     <span class='ocr_line' id='line_1_19' title="bbox 218 1765 1871 1865; baseline 0.002 -20"><span class='ocrx_word' id='word_1_121' title='bbox 218 1791 569 1856; x_wconf 84' lang='lat' dir='ltr'><strong>vulneratus,</strong></span> <span class='ocrx_word' id='word_1_122' title='bbox 612 1799 737 1846; x_wconf 88' lang='lat' dir='ltr'><strong>ante</strong></span> <span class='ocrx_word' id='word_1_123' title='bbox 768 1790 836 1823; x_wconf 70' lang='grc'><strong>³³⁸</strong></span> <span class='ocrx_word' id='word_1_124' title='bbox 877 1791 1118 1845; x_wconf 88' lang='lat' dir='ltr'><strong>medium</strong></span> <span class='ocrx_word' id='word_1_125' title='bbox 1156 1792 1224 1823; x_wconf 69' lang='grc'><strong>³³³</strong></span> <span class='ocrx_word' id='word_1_126' title='bbox 1255 1793 1688 1865; x_wconf 66' lang='lat' dir='ltr'><strong>quadragesimae</strong></span> <span class='ocrx_word' id='word_1_127' title='bbox 1728 1795 1797 1829; x_wconf 83' lang='grc'><em>³³³</em></span> <span class='ocrx_word' id='word_1_128' title='bbox 1830 1765 1871 1819; x_wconf 78' lang='grc' dir='ltr'>Β</span> 
     </span>
    </p>
   </div>
   <div class='ocr_carea' id='block_1_20' title="bbox 216 1881 1804 1958">
    <p class='ocr_par' dir='ltr' id='par_1_20' title="bbox 216 1881 1804 1958">
     <span class='ocr_line' id='line_1_20' title="bbox 216 1881 1804 1958; baseline 0.004 -22"><span class='ocrx_word' id='word_1_129' title='bbox 216 1882 501 1952; x_wconf 81' lang='lat' dir='ltr'><strong>expiravit.</strong></span> <span class='ocrx_word' id='word_1_130' title='bbox 530 1881 662 1937; x_wconf 85' lang='lat' dir='ltr'><strong>Item</strong></span> <span class='ocrx_word' id='word_1_131' title='bbox 694 1881 1063 1940; x_wconf 85' lang='lat' dir='ltr'><strong>Willihelmus</strong></span> <span class='ocrx_word' id='word_1_132' title='bbox 1100 1883 1469 1956; x_wconf 72' lang='lat' dir='ltr'><strong>Trajertensis</strong></span> <span class='ocrx_word' id='word_1_133' title='bbox 1495 1886 1804 1958; x_wconf 87' lang='lat' dir='ltr'><strong>episcopus,</strong></span> 
     </span>
    </p>
   </div>
   <div class='ocr_carea' id='block_1_21' title="bbox 218 1974 1805 2045">
    <p class='ocr_par' dir='ltr' id='par_1_21' title="bbox 218 1974 1805 2045">
     <span class='ocr_line' id='line_1_21' title="bbox 218 1974 1805 2045; baseline 0.004 -18"><span class='ocrx_word' id='word_1_134' title='bbox 218 1974 387 2028; x_wconf 88' lang='lat' dir='ltr'><strong>multa</strong></span> <span class='ocrx_word' id='word_1_135' title='bbox 421 1974 478 2029; x_wconf 93' lang='lat' dir='ltr'><strong>in</strong></span> <span class='ocrx_word' id='word_1_136' title='bbox 512 1976 875 2045; x_wconf 88' lang='lat' dir='ltr'><strong>apostolicum</strong></span> <span class='ocrx_word' id='word_1_137' title='bbox 900 1977 1267 2045; x_wconf 91' lang='lat' dir='ltr'><strong>conviciatus,</strong></span> <span class='ocrx_word' id='word_1_138' title='bbox 1297 1979 1580 2033; x_wconf 85' lang='lat' dir='ltr'><strong>subitanca</strong></span> <span class='ocrx_word' id='word_1_139' title='bbox 1611 1988 1805 2044; x_wconf 81' lang='lat' dir='ltr'><strong>morte,</strong></span> 
     </span>
    </p>
   </div>
   <div class='ocr_carea' id='block_1_22' title="bbox 220 2066 1808 2142">
    <p class='ocr_par' dir='ltr' id='par_1_22' title="bbox 220 2066 1808 2142">
     <span class='ocr_line' id='line_1_22' title="bbox 220 2066 1808 2142; baseline 0.004 -23"><span class='ocrx_word' id='word_1_140' title='bbox 220 2066 426 2136; x_wconf 81' lang='lat' dir='ltr'><strong>absque</strong></span> <span class='ocrx_word' id='word_1_141' title='bbox 442 2068 832 2129; x_wconf 70' lang='lat' dir='ltr'><strong>ascclesiastica</strong></span> <span class='ocrx_word' id='word_1_142' title='bbox 853 2070 1243 2126; x_wconf 89' lang='lat' dir='ltr'><strong>communione</strong></span> <span class='ocrx_word' id='word_1_143' title='bbox 1265 2079 1388 2141; x_wconf 90' lang='lat' dir='ltr'><strong>post</strong></span> <span class='ocrx_word' id='word_1_144' title='bbox 1418 2071 1487 2105; x_wconf 70' lang='grc'>³³⁵</span> <span class='ocrx_word' id='word_1_145' title='bbox 1507 2072 1711 2142; x_wconf 86' lang='lat' dir='ltr'><strong>pascha</strong></span> <span class='ocrx_word' id='word_1_146' title='bbox 1739 2070 1808 2103; x_wconf 63' lang='lat' dir='ltr'><strong>m</strong></span> 
     </span>
    </p>
   </div>
   <div class='ocr_carea' id='block_1_23' title="bbox 218 2160 1810 2235">
    <p class='ocr_par' dir='ltr' id='par_1_23' title="bbox 218 2160 1810 2235">
     <span class='ocr_line' id='line_1_23' title="bbox 218 2160 1810 2235; baseline 0.005 -22"><span class='ocrx_word' id='word_1_147' title='bbox 218 2160 525 2228; x_wconf 86' lang='lat' dir='ltr'><strong>multatur;</strong></span> <span class='ocrx_word' id='word_1_148' title='bbox 578 2162 667 2217; x_wconf 92' lang='lat' dir='ltr'><strong>cui</strong></span> <span class='ocrx_word' id='word_1_149' title='bbox 715 2161 1003 2218; x_wconf 88' lang='lat' dir='ltr'><strong>Conradus</strong></span> <span class='ocrx_word' id='word_1_150' title='bbox 1056 2163 1401 2235; x_wconf 88' lang='lat' dir='ltr'><strong>subrogatur.</strong></span> <span class='ocrx_word' id='word_1_151' title='bbox 1452 2163 1573 2219; x_wconf 85' lang='lat' dir='ltr'><strong>Jam</strong></span> <span class='ocrx_word' id='word_1_152' title='bbox 1620 2180 1810 2221; x_wconf 84' lang='lat' dir='ltr'><strong>omnes</strong></span> 
     </span>
    </p>
   </div>
   <div class='ocr_carea' id='block_1_24' title="bbox 220 2253 1807 2325">
    <p class='ocr_par' dir='ltr' id='par_1_24' title="bbox 220 2253 1807 2325">
     <span class='ocr_line' id='line_1_24' title="bbox 220 2253 1807 2325; baseline 0.003 -18"><span class='ocrx_word' id='word_1_153' title='bbox 220 2268 353 2322; x_wconf 86' lang='lat' dir='ltr'><strong>pene</strong></span> <span class='ocrx_word' id='word_1_154' title='bbox 388 2253 671 2325; x_wconf 85' lang='lat' dir='ltr'><strong>principes</strong></span> <span class='ocrx_word' id='word_1_155' title='bbox 701 2254 853 2325; x_wconf 90' lang='lat' dir='ltr'><strong>regni</strong></span> <span class='ocrx_word' id='word_1_156' title='bbox 892 2269 923 2309; x_wconf 91' lang='lat' dir='ltr'><strong>a</strong></span> <span class='ocrx_word' id='word_1_157' title='bbox 947 2256 1335 2311; x_wconf 88' lang='lat' dir='ltr'><strong>communione</strong></span> <span class='ocrx_word' id='word_1_158' title='bbox 1362 2255 1600 2312; x_wconf 83' lang='lat' dir='ltr'><strong>Heinrici</strong></span> <span class='ocrx_word' id='word_1_159' title='bbox 1626 2272 1684 2312; x_wconf 89' lang='lat' dir='ltr'><strong>se</strong></span> <span class='ocrx_word' id='word_1_160' title='bbox 1719 2272 1807 2311; x_wconf 85' lang='lat' dir='ltr'><strong>se-</strong></span> 
     </span>
    </p>
   </div>
   <div class='ocr_carea' id='block_1_25' title="bbox 220 2345 1809 2420">
    <p class='ocr_par' dir='ltr' id='par_1_25' title="bbox 220 2345 1809 2420">
     <span class='ocr_line' id='line_1_25' title="bbox 220 2345 1809 2420; baseline 0.004 -23"><span class='ocrx_word' id='word_1_161' title='bbox 220 2354 598 2414; x_wconf 85' lang='lat' dir='ltr'><strong>questrarunt.</strong></span> <span class='ocrx_word' id='word_1_162' title='bbox 637 2345 823 2402; x_wconf 84' lang='lat' dir='ltr'><strong>Mense</strong></span> <span class='ocrx_word' id='word_1_163' title='bbox 846 2346 1013 2418; x_wconf 87' lang='lat' dir='ltr'><strong>igitur</strong></span> <span class='ocrx_word' id='word_1_164' title='bbox 1041 2345 1264 2403; x_wconf 87' lang='lat' dir='ltr'><strong>Octobri</strong></span> <span class='ocrx_word' id='word_1_165' title='bbox 1291 2349 1626 2420; x_wconf 87' lang='lat' dir='ltr'><strong>colloquium</strong></span> <span class='ocrx_word' id='word_1_166' title='bbox 1665 2349 1809 2419; x_wconf 90' lang='lat' dir='ltr'><strong>apud</strong></span> 
     </span>
    </p>
   </div>
   <div class='ocr_carea' id='block_1_26' title="bbox 220 2434 1811 2512">
    <p class='ocr_par' dir='ltr' id='par_1_26' title="bbox 220 2434 1811 2512">
     <span class='ocr_line' id='line_1_26' title="bbox 220 2434 1811 2512; baseline 0.003 -20"><span class='ocrx_word' id='word_1_167' title='bbox 220 2434 520 2506; x_wconf 88' lang='lat' dir='ltr'><strong>Openheim</strong></span> <span class='ocrx_word' id='word_1_168' title='bbox 552 2454 580 2492; x_wconf 90' lang='lat' dir='ltr'><strong>a</strong></span> <span class='ocrx_word' id='word_1_169' title='bbox 605 2437 947 2509; x_wconf 83' lang='lat' dir='ltr'><strong>principibus</strong></span> <span class='ocrx_word' id='word_1_170' title='bbox 976 2440 1127 2511; x_wconf 83' lang='lat' dir='ltr'><strong>regni</strong></span> <span class='ocrx_word' id='word_1_171' title='bbox 1156 2441 1452 2512; x_wconf 80' lang='lat' dir='ltr'><strong>colligitur,</strong></span> <span class='ocrx_word' id='word_1_172' title='bbox 1490 2441 1576 2495; x_wconf 80' lang='lat' dir='ltr'><strong>cui</strong></span> <span class='ocrx_word' id='word_1_173' title='bbox 1613 2441 1811 2512; x_wconf 84' lang='lat' dir='ltr'><strong>legatio</strong></span> 
     </span>
    </p>
   </div>
   <div class='ocr_carea' id='block_1_27' title="bbox 219 2530 1813 2605">
    <p class='ocr_par' dir='ltr' id='par_1_27' title="bbox 219 2530 1813 2605">
     <span class='ocr_line' id='line_1_27' title="bbox 219 2530 1813 2605; baseline 0.003 -20"><span class='ocrx_word' id='word_1_174' title='bbox 219 2530 363 2586; x_wconf 81' lang='lat' dir='ltr'><strong>sedis</strong></span> <span class='ocrx_word' id='word_1_175' title='bbox 387 2531 706 2601; x_wconf 74' lang='lat' dir='ltr'><strong>apostolica:</strong></span> <span class='ocrx_word' id='word_1_176' title='bbox 737 2531 1003 2588; x_wconf 80' lang='lat' dir='ltr'><strong>interfuit.</strong></span> <span class='ocrx_word' id='word_1_177' title='bbox 1051 2532 1128 2588; x_wconf 91' lang='lat' dir='ltr'><strong>lbi</strong></span> <span class='ocrx_word' id='word_1_178' title='bbox 1176 2533 1484 2601; x_wconf 79' lang='lat' dir='ltr'><strong>Heinricus,</strong></span> <span class='ocrx_word' id='word_1_179' title='bbox 1524 2535 1579 2589; x_wconf 90' lang='lat' dir='ltr'><strong>in</strong></span> <span class='ocrx_word' id='word_1_180' title='bbox 1622 2535 1813 2605; x_wconf 86' lang='lat' dir='ltr'><strong>puriti-</strong></span> 
     </span>
    </p>
   </div>
   <div class='ocr_carea' id='block_1_28' title="bbox 222 2622 1813 2697">
    <p class='ocr_par' dir='ltr' id='par_1_28' title="bbox 222 2622 1813 2697">
     <span class='ocr_line' id='line_1_28' title="bbox 222 2622 1813 2697; baseline 0.004 -22"><span class='ocrx_word' id='word_1_181' title='bbox 222 2622 496 2678; x_wconf 83' lang='lat' dir='ltr'><strong>cationem</strong></span> <span class='ocrx_word' id='word_1_182' title='bbox 535 2634 737 2679; x_wconf 76' lang='lat' dir='ltr'><strong>sancta:</strong></span> <span class='ocrx_word' id='word_1_183' title='bbox 767 2623 953 2680; x_wconf 64' lang='lat' dir='ltr'><strong>Mariae</strong></span> <span class='ocrx_word' id='word_1_184' title='bbox 981 2635 1110 2682; x_wconf 90' lang='lat' dir='ltr'><strong>tunc</strong></span> <span class='ocrx_word' id='word_1_185' title='bbox 1140 2627 1448 2696; x_wconf 83' lang='lat' dir='ltr'><strong>proximam</strong></span> <span class='ocrx_word' id='word_1_186' title='bbox 1482 2643 1541 2682; x_wconf 88' lang='lat' dir='ltr'><strong>se</strong></span> <span class='ocrx_word' id='word_1_187' title='bbox 1573 2642 1813 2697; x_wconf 65' lang='lat' dir='ltr'><strong>praesen-</strong></span> 
     </span>
    </p>
   </div>
   <div class='ocr_carea' id='block_1_29' title="bbox 221 2716 1813 2790">
    <p class='ocr_par' dir='ltr' id='par_1_29' title="bbox 221 2716 1813 2790">
     <span class='ocr_line' id='line_1_29' title="bbox 221 2716 1813 2790; baseline 0.003 -21"><span class='ocrx_word' id='word_1_188' title='bbox 221 2716 449 2770; x_wconf 89' lang='lat' dir='ltr'><strong>tandum</strong></span> <span class='ocrx_word' id='word_1_189' title='bbox 492 2717 696 2771; x_wconf 91' lang='lat' dir='ltr'><strong>domno</strong></span> <span class='ocrx_word' id='word_1_190' title='bbox 740 2731 893 2787; x_wconf 79' lang='lat' dir='ltr'><strong>papae</strong></span> <span class='ocrx_word' id='word_1_191' title='bbox 939 2718 1084 2788; x_wconf 90' lang='lat' dir='ltr'><strong>apud</strong></span> <span class='ocrx_word' id='word_1_192' title='bbox 1137 2717 1441 2790; x_wconf 83' lang='lat' dir='ltr'><strong>Augustam</strong></span> <span class='ocrx_word' id='word_1_193' title='bbox 1498 2718 1813 2774; x_wconf 83' lang='lat' dir='ltr'><strong>ﬁrmissime</strong></span> 
     </span>
    </p>
   </div>
   <div class='ocr_carea' id='block_1_30' title="bbox 224 2797 1815 2882">
    <p class='ocr_par' dir='ltr' id='par_1_30' title="bbox 224 2797 1815 2882">
     <span class='ocr_line' id='line_1_30' title="bbox 224 2797 1815 2882; baseline 0.004 -22"><span class='ocrx_word' id='word_1_194' title='bbox 224 2807 500 2875; x_wconf 86' lang='lat' dir='ltr'><strong>promisit.</strong></span> <span class='ocrx_word' id='word_1_195' title='bbox 553 2805 691 2863; x_wconf 82' lang='lat' dir='ltr'><strong>Nam</strong></span> <span class='ocrx_word' id='word_1_196' title='bbox 732 2816 786 2862; x_wconf 90' lang='lat' dir='ltr'><strong>et</strong></span> <span class='ocrx_word' id='word_1_197' title='bbox 816 2797 945 2864; x_wconf 66' lang='lat' dir='ltr'><strong>illuc</strong></span> <span class='ocrx_word' id='word_1_198' title='bbox 993 2810 1256 2864; x_wconf 84' lang='lat' dir='ltr'><strong>domuum</strong></span> <span class='ocrx_word' id='word_1_199' title='bbox 1294 2811 1655 2881; x_wconf 81' lang='lat' dir='ltr'><strong>apostolicum</strong></span> <span class='ocrx_word' id='word_1_200' title='bbox 1700 2811 1815 2882; x_wconf 91' lang='lat' dir='ltr'><strong>ipse</strong></span> 
     </span>
    </p>
   </div>
   <div class='ocr_carea' id='block_1_31' title="bbox 223 2898 1815 2971">
    <p class='ocr_par' dir='ltr' id='par_1_31' title="bbox 223 2898 1815 2971">
     <span class='ocr_line' id='line_1_31' title="bbox 223 2898 1815 2971; baseline 0.004 -19"><span class='ocrx_word' id='word_1_201' title='bbox 223 2913 345 2952; x_wconf 90' lang='lat' dir='ltr'><strong>cum</strong></span> <span class='ocrx_word' id='word_1_202' title='bbox 376 2898 724 2969; x_wconf 87' lang='lat' dir='ltr'><strong>principibus</strong></span> <span class='ocrx_word' id='word_1_203' title='bbox 752 2900 904 2971; x_wconf 88' lang='lat' dir='ltr'><strong>regni</strong></span> <span class='ocrx_word' id='word_1_204' title='bbox 928 2900 1197 2957; x_wconf 83' lang='lat' dir='ltr'><strong>invitavit.</strong></span> <span class='ocrx_word' id='word_1_205' title='bbox 1227 2901 1419 2959; x_wconf 81' lang='lat' dir='ltr'><strong>Frater</strong></span> <span class='ocrx_word' id='word_1_206' title='bbox 1452 2902 1727 2958; x_wconf 89' lang='lat' dir='ltr'><strong>Kadalaus</strong></span> <span class='ocrx_word' id='word_1_207' title='bbox 1748 2919 1815 2959; x_wconf 88' lang='lat' dir='ltr'><strong>cx</strong></span> 
     </span>
    </p>
   </div>
   <div class='ocr_carea' id='block_1_32' title="bbox 226 2990 1815 3065">
    <p class='ocr_par' dir='ltr' id='par_1_32' title="bbox 226 2990 1815 3065">
     <span class='ocr_line' id='line_1_32' title="bbox 226 2990 1815 3065; baseline 0.006 -22"><span class='ocrx_word' id='word_1_208' title='bbox 226 2990 460 3045; x_wconf 88' lang='lat' dir='ltr'><strong>scculari</strong></span> <span class='ocrx_word' id='word_1_209' title='bbox 501 2990 703 3046; x_wconf 91' lang='lat' dir='ltr'><strong>milicia</strong></span> <span class='ocrx_word' id='word_1_210' title='bbox 734 3007 1054 3061; x_wconf 86' lang='lat' dir='ltr'><strong>conversus,</strong></span> <span class='ocrx_word' id='word_1_211' title='bbox 1087 2993 1154 3048; x_wconf 88' lang='lat' dir='ltr'><strong>ad</strong></span> <span class='ocrx_word' id='word_1_212' title='bbox 1190 2991 1614 3065; x_wconf 89' lang='lat' dir='ltr'><strong>Opinheimense</strong></span> <span class='ocrx_word' id='word_1_213' title='bbox 1643 2995 1815 3052; x_wconf 87' lang='lat' dir='ltr'><strong>collo-</strong></span> 
     </span>
    </p>
   </div>
   <div class='ocr_carea' id='block_1_33' title="bbox 224 3082 1813 3158">
    <p class='ocr_par' dir='ltr' id='par_1_33' title="bbox 224 3082 1813 3158">
     <span class='ocr_line' id='line_1_33' title="bbox 224 3082 1813 3158; baseline 0.004 -23"><span class='ocrx_word' id='word_1_214' title='bbox 224 3082 415 3152; x_wconf 88' lang='lat' dir='ltr'><strong>quium</strong></span> <span class='ocrx_word' id='word_1_215' title='bbox 446 3083 775 3153; x_wconf 88' lang='lat' dir='ltr'><strong>legationem</strong></span> <span class='ocrx_word' id='word_1_216' title='bbox 818 3100 970 3156; x_wconf 67' lang='lat' dir='ltr'><strong>papa:</strong></span> <span class='ocrx_word' id='word_1_217' title='bbox 999 3086 1213 3154; x_wconf 85' lang='lat' dir='ltr'><strong>detulit,</strong></span> <span class='ocrx_word' id='word_1_218' title='bbox 1255 3103 1423 3158; x_wconf 90' lang='lat' dir='ltr'><strong>quam</strong></span> <span class='ocrx_word' id='word_1_219' title='bbox 1456 3087 1634 3143; x_wconf 89' lang='lat' dir='ltr'><strong>eidem</strong></span> <span class='ocrx_word' id='word_1_220' title='bbox 1668 3089 1813 3143; x_wconf 90' lang='lat' dir='ltr'><strong>mul-</strong></span> 
     </span>
    </p>
   </div>
   <div class='ocr_carea' id='block_1_34' title="bbox 222 3174 1817 3251">
    <p class='ocr_par' dir='ltr' id='par_1_34' title="bbox 222 3174 1817 3251">
     <span class='ocr_line' id='line_1_34' title="bbox 222 3174 1817 3251; baseline 0.006 -25"><span class='ocrx_word' id='word_1_221' title='bbox 222 3180 335 3227; x_wconf 89' lang='lat' dir='ltr'><strong>tum</strong></span> <span class='ocrx_word' id='word_1_222' title='bbox 358 3174 632 3245; x_wconf 86' lang='lat' dir='ltr'><strong>egrotanti</strong></span> <span class='ocrx_word' id='word_1_223' title='bbox 658 3191 798 3247; x_wconf 87' lang='lat' dir='ltr'><strong>papa</strong></span> <span class='ocrx_word' id='word_1_224' title='bbox 834 3177 889 3231; x_wconf 92' lang='lat' dir='ltr'><strong>in</strong></span> <span class='ocrx_word' id='word_1_225' title='bbox 936 3177 1317 3233; x_wconf 85' lang='lat' dir='ltr'><strong>remissionem</strong></span> <span class='ocrx_word' id='word_1_226' title='bbox 1348 3180 1595 3233; x_wconf 91' lang='lat' dir='ltr'><strong>omnium</strong></span> <span class='ocrx_word' id='word_1_227' title='bbox 1622 3195 1817 3251; x_wconf 85' lang='lat' dir='ltr'><strong>pecca-</strong></span> 
     </span>
    </p>
   </div>
   <div class='ocr_carea' id='block_1_35' title="bbox 223 3266 1821 3341">
    <p class='ocr_par' dir='ltr' id='par_1_35' title="bbox 223 3266 1821 3341">
     <span class='ocr_line' id='line_1_35' title="bbox 223 3266 1821 3341; baseline 0.005 -23"><span class='ocrx_word' id='word_1_228' title='bbox 223 3272 403 3320; x_wconf 76' lang='lat' dir='ltr'><strong>torum</strong></span> <span class='ocrx_word' id='word_1_229' title='bbox 426 3267 711 3337; x_wconf 89' lang='lat' dir='ltr'><strong>imposuit.</strong></span> <span class='ocrx_word' id='word_1_230' title='bbox 746 3266 971 3337; x_wconf 82' lang='lat' dir='ltr'><strong>Expleta</strong></span> <span class='ocrx_word' id='word_1_231' title='bbox 1001 3268 1168 3340; x_wconf 86' lang='lat' dir='ltr'><strong>igitur</strong></span> <span class='ocrx_word' id='word_1_232' title='bbox 1193 3270 1482 3341; x_wconf 84' lang='lat' dir='ltr'><strong>legatione,</strong></span> <span class='ocrx_word' id='word_1_233' title='bbox 1517 3269 1687 3325; x_wconf 84' lang='lat' dir='ltr'><strong>frater</strong></span> <span class='ocrx_word' id='word_1_234' title='bbox 1717 3270 1821 3326; x_wconf 43' lang='lat' dir='ltr'><strong>Ka‘</strong></span> 
     </span>
    </p>
   </div>
   <div class='ocr_carea' id='block_1_36' title="bbox 1897 504 3471 578">
    <p class='ocr_par' dir='ltr' id='par_1_36' title="bbox 1897 504 3471 578">
     <span class='ocr_line' id='line_1_36' title="bbox 1897 504 3471 578; baseline -0.001 -17"><span class='ocrx_word' id='word_1_235' title='bbox 1897 507 2075 573; x_wconf 90' lang='lat' dir='ltr'><strong>ravit,</strong></span> <span class='ocrx_word' id='word_1_236' title='bbox 2129 523 2189 563; x_wconf 90' lang='lat' dir='ltr'><strong>se</strong></span> <span class='ocrx_word' id='word_1_237' title='bbox 2237 522 2428 578; x_wconf 91' lang='lat' dir='ltr'><strong>parum</strong></span> <span class='ocrx_word' id='word_1_238' title='bbox 2487 505 2825 576; x_wconf 79' lang='lat' dir='ltr'><strong>profecisse,</strong></span> <span class='ocrx_word' id='word_1_239' title='bbox 2879 504 2935 558; x_wconf 93' lang='lat' dir='ltr'><strong>in</strong></span> <span class='ocrx_word' id='word_1_240' title='bbox 2996 521 3063 559; x_wconf 88' lang='lat' dir='ltr'><strong>eo</strong></span> <span class='ocrx_word' id='word_1_241' title='bbox 3123 505 3269 575; x_wconf 89' lang='lat' dir='ltr'><strong>quod</strong></span> <span class='ocrx_word' id='word_1_242' title='bbox 3322 506 3471 559; x_wconf 90' lang='lat' dir='ltr'><strong>illum</strong></span> 
     </span>
    </p>
   </div>
   <div class='ocr_carea' id='block_1_37' title="bbox 1898 594 3444 671">
    <p class='ocr_par' dir='ltr' id='par_1_37' title="bbox 1898 594 3444 671">
     <span class='ocr_line' id='line_1_37' title="bbox 1898 594 3444 671; baseline 0.001 -20"><span class='ocrx_word' id='word_1_243' title='bbox 1898 597 1950 651; x_wconf 90' lang='lat' dir='ltr'><strong>in</strong></span> <span class='ocrx_word' id='word_1_244' title='bbox 1990 594 2432 653; x_wconf 89' lang='lat' dir='ltr'><strong>communionem</strong></span> <span class='ocrx_word' id='word_1_245' title='bbox 2487 597 2784 667; x_wconf 85' lang='lat' dir='ltr'><strong>receperit,</strong></span> <span class='ocrx_word' id='word_1_246' title='bbox 2837 613 2961 653; x_wconf 86' lang='lat' dir='ltr'><strong>cum</strong></span> <span class='ocrx_word' id='word_1_247' title='bbox 3017 613 3209 653; x_wconf 91' lang='lat' dir='ltr'><strong>omnes</strong></span> <span class='ocrx_word' id='word_1_248' title='bbox 3261 598 3327 630; x_wconf 82' lang='grc'><strong>³³⁷</strong></span> <span class='ocrx_word' id='word_1_249' title='bbox 3381 615 3444 671; x_wconf 86' lang='lat' dir='ltr'><strong>sy</strong></span> 
     </span>
    </p>
   </div>
   <div class='ocr_carea' id='block_1_38' title="bbox 1897 686 3469 744">
    <p class='ocr_par' dir='ltr' id='par_1_38' title="bbox 1897 686 3469 744">
     <span class='ocr_line' id='line_1_38' title="bbox 1897 686 3469 744; baseline 0.003 -5"><span class='ocrx_word' id='word_1_250' title='bbox 1897 686 2134 742; x_wconf 91' lang='lat' dir='ltr'><strong>moniaci</strong></span> <span class='ocrx_word' id='word_1_251' title='bbox 2169 686 2251 743; x_wconf 90' lang='lat' dir='ltr'><strong>vel</strong></span> <span class='ocrx_word' id='word_1_252' title='bbox 2296 688 2756 743; x_wconf 79' lang='lat' dir='ltr'><strong>excommu‘nicati</strong></span> <span class='ocrx_word' id='word_1_253' title='bbox 2824 704 2933 742; x_wconf 91' lang='lat' dir='ltr'><strong>non</strong></span> <span class='ocrx_word' id='word_1_254' title='bbox 2991 687 3172 744; x_wconf 90' lang='lat' dir='ltr'><strong>minus</strong></span> <span class='ocrx_word' id='word_1_255' title='bbox 3211 698 3343 744; x_wconf 91' lang='lat' dir='ltr'><strong>tunc</strong></span> <span class='ocrx_word' id='word_1_256' title='bbox 3388 688 3469 743; x_wconf 79' lang='grc'><strong>1³(-</strong></span> 
     </span>
    </p>
   </div>
   <div class='ocr_carea' id='block_1_39' title="bbox 1897 775 3474 851">
    <p class='ocr_par' dir='ltr' id='par_1_39' title="bbox 1897 775 3474 851">
     <span class='ocr_line' id='line_1_39' title="bbox 1897 775 3474 851; baseline 0.003 -19"><span class='ocrx_word' id='word_1_257' title='bbox 1897 784 2153 833; x_wconf 87' lang='lat' dir='ltr'><strong>verentur</strong></span> <span class='ocrx_word' id='word_1_258' title='bbox 2200 779 2268 833; x_wconf 92' lang='lat' dir='ltr'><strong>ab</strong></span> <span class='ocrx_word' id='word_1_259' title='bbox 2308 794 2375 833; x_wconf 90' lang='lat' dir='ltr'><strong>eo</strong></span> <span class='ocrx_word' id='word_1_260' title='bbox 2422 793 2588 849; x_wconf 91' lang='lat' dir='ltr'><strong>quam</strong></span> <span class='ocrx_word' id='word_1_261' title='bbox 2640 777 2870 849; x_wconf 86' lang='lat' dir='ltr'><strong>pridem.</strong></span> <span class='ocrx_word' id='word_1_262' title='bbox 2924 775 3020 835; x_wconf 74' lang='lat' dir='ltr'><strong>llis</strong></span> <span class='ocrx_word' id='word_1_263' title='bbox 3071 792 3200 851; x_wconf 87' lang='lat' dir='ltr'><strong>ergo</strong></span> <span class='ocrx_word' id='word_1_264' title='bbox 3251 781 3474 845; x_wconf 89' lang='lat' dir='ltr'><strong>auditis,</strong></span> 
     </span>
    </p>
   </div>
   <div class='ocr_carea' id='block_1_40' title="bbox 1897 868 3476 942">
    <p class='ocr_par' dir='ltr' id='par_1_40' title="bbox 1897 868 3476 942">
     <span class='ocr_line' id='line_1_40' title="bbox 1897 868 3476 942; baseline 0.003 -21"><span class='ocrx_word' id='word_1_265' title='bbox 1897 868 2159 940; x_wconf 83' lang='lat' dir='ltr'><strong>princeps</strong></span> <span class='ocrx_word' id='word_1_266' title='bbox 2188 869 2339 940; x_wconf 87' lang='lat' dir='ltr'><strong>regni</strong></span> <span class='ocrx_word' id='word_1_267' title='bbox 2369 870 2612 941; x_wconf 87' lang='lat' dir='ltr'><strong>generali</strong></span> <span class='ocrx_word' id='word_1_268' title='bbox 2657 870 2933 942; x_wconf 87' lang='lat' dir='ltr'><strong>colloquio</strong></span> <span class='ocrx_word' id='word_1_269' title='bbox 2966 872 3109 942; x_wconf 88' lang='lat' dir='ltr'><strong>apud</strong></span> <span class='ocrx_word' id='word_1_270' title='bbox 3156 871 3476 927; x_wconf 86' lang='lat' dir='ltr'><strong>Forecheim</strong></span> 
     </span>
    </p>
   </div>
   <div class='ocr_carea' id='block_1_41' title="bbox 1897 959 3479 1035">
    <p class='ocr_par' dir='ltr' id='par_1_41' title="bbox 1897 959 3479 1035">
     <span class='ocr_line' id='line_1_41' title="bbox 1897 959 3479 1035; baseline 0.003 -19"><span class='ocrx_word' id='word_1_271' title='bbox 1897 963 1931 1016; x_wconf 84' lang='grc'><strong>5</strong></span> <span class='ocrx_word' id='word_1_272' title='bbox 1957 961 2085 1020; x_wconf 87' lang='lat' dir='ltr'><strong>ldus</strong></span> <span class='ocrx_word' id='word_1_273' title='bbox 2134 959 2314 1017; x_wconf 82' lang='lat' dir='ltr'><strong>Martii</strong></span> <span class='ocrx_word' id='word_1_274' title='bbox 2357 963 2564 1030; x_wconf 89' lang='lat' dir='ltr'><strong>habito,</strong></span> <span class='ocrx_word' id='word_1_275' title='bbox 2612 964 2890 1035; x_wconf 88' lang='lat' dir='ltr'><strong>egregium</strong></span> <span class='ocrx_word' id='word_1_276' title='bbox 2921 964 3114 1019; x_wconf 90' lang='lat' dir='ltr'><strong>ducem</strong></span> <span class='ocrx_word' id='word_1_277' title='bbox 3144 962 3479 1020; x_wconf 80' lang='lat' dir='ltr'><strong>Roudolfum</strong></span> 
     </span>
    </p>
   </div>
   <div class='ocr_carea' id='block_1_42' title="bbox 1900 1055 3477 1128">
    <p class='ocr_par' dir='ltr' id='par_1_42' title="bbox 1900 1055 3477 1128">
     <span class='ocr_line' id='line_1_42' title="bbox 1900 1055 3477 1128; baseline 0 -17"><span class='ocrx_word' id='word_1_278' title='bbox 1900 1055 2002 1111; x_wconf 88' lang='lat' dir='ltr'><strong>sibi</strong></span> <span class='ocrx_word' id='word_1_279' title='bbox 2030 1055 2088 1111; x_wconf 88' lang='lat' dir='ltr'><strong>in</strong></span> <span class='ocrx_word' id='word_1_280' title='bbox 2115 1071 2295 1127; x_wconf 86' lang='lat' dir='ltr'><strong>regem</strong></span> <span class='ocrx_word' id='word_1_281' title='bbox 2320 1056 2708 1123; x_wconf 90' lang='lat' dir='ltr'><strong>sublimarunt,</strong></span> <span class='ocrx_word' id='word_1_282' title='bbox 2745 1073 2907 1127; x_wconf 90' lang='lat' dir='ltr'><strong>quem</strong></span> <span class='ocrx_word' id='word_1_283' title='bbox 2955 1056 3009 1113; x_wconf 90' lang='lat' dir='ltr'><strong>in</strong></span> <span class='ocrx_word' id='word_1_284' title='bbox 3037 1057 3068 1109; x_wconf 89' lang='lat'><strong>7</strong></span> <span class='ocrx_word' id='word_1_285' title='bbox 3104 1056 3221 1111; x_wconf 81' lang='lat' dir='ltr'><strong>Kal.</strong></span> <span class='ocrx_word' id='word_1_286' title='bbox 3253 1058 3477 1128; x_wconf 84' lang='lat' dir='ltr'><strong>Aprilis,</strong></span> 
     </span>
    </p>
   </div>
   <div class='ocr_carea' id='block_1_43' title="bbox 1898 1147 3479 1221">
    <p class='ocr_par' dir='ltr' id='par_1_43' title="bbox 1898 1147 3479 1221">
     <span class='ocr_line' id='line_1_43' title="bbox 1898 1147 3479 1221; baseline 0.002 -19"><span class='ocrx_word' id='word_1_287' title='bbox 1898 1147 1993 1204; x_wconf 81' lang='lat' dir='ltr'><strong>ubi</strong></span> <span class='ocrx_word' id='word_1_288' title='bbox 2031 1163 2098 1202; x_wconf 86' lang='lat' dir='ltr'><strong>eo</strong></span> <span class='ocrx_word' id='word_1_289' title='bbox 2146 1162 2291 1203; x_wconf 88' lang='lat' dir='ltr'><strong>anno</strong></span> <span class='ocrx_word' id='word_1_290' title='bbox 2322 1148 2562 1204; x_wconf 89' lang='lat' dir='ltr'><strong>medium</strong></span> <span class='ocrx_word' id='word_1_291' title='bbox 2604 1150 3037 1221; x_wconf 60' lang='lat' dir='ltr'><strong>quadragesima!</strong></span> <span class='ocrx_word' id='word_1_292' title='bbox 3065 1151 3330 1216; x_wconf 87' lang='lat' dir='ltr'><strong>occurrit,</strong></span> <span class='ocrx_word' id='word_1_293' title='bbox 3360 1149 3479 1206; x_wconf 84' lang='lat' dir='ltr'><strong>Mo-</strong></span> 
     </span>
    </p>
   </div>
   <div class='ocr_carea' id='block_1_44' title="bbox 1898 1241 3481 1313">
    <p class='ocr_par' dir='ltr' id='par_1_44' title="bbox 1898 1241 3481 1313">
     <span class='ocr_line' id='line_1_44' title="bbox 1898 1241 3481 1313; baseline 0.001 -18"><span class='ocrx_word' id='word_1_294' title='bbox 1898 1241 2096 1312; x_wconf 72' lang='lat' dir='ltr'><strong>gontize</strong></span> <span class='ocrx_word' id='word_1_295' title='bbox 2131 1241 2200 1274; x_wconf 78' lang='grc'>³³⁸</span> <span class='ocrx_word' id='word_1_296' title='bbox 2234 1250 2586 1297; x_wconf 85' lang='lat' dir='ltr'><strong>coronarunt.</strong></span> <span class='ocrx_word' id='word_1_297' title='bbox 2626 1241 2861 1297; x_wconf 82' lang='lat' dir='ltr'><strong>Maxima</strong></span> <span class='ocrx_word' id='word_1_298' title='bbox 2892 1252 3070 1297; x_wconf 89' lang='lat' dir='ltr'><strong>autem</strong></span> <span class='ocrx_word' id='word_1_299' title='bbox 3109 1244 3223 1309; x_wconf 86' lang='lat' dir='ltr'><strong>nix,</strong></span> <span class='ocrx_word' id='word_1_300' title='bbox 3262 1259 3385 1313; x_wconf 61' lang='lat' dir='ltr'><strong>quae</strong></span> <span class='ocrx_word' id='word_1_301' title='bbox 3413 1258 3481 1297; x_wconf 91' lang='lat' dir='ltr'><strong>eo</strong></span> 
     </span>
    </p>
   </div>
   <div class='ocr_carea' id='block_1_45' title="bbox 1900 1332 3483 1401">
    <p class='ocr_par' dir='ltr' id='par_1_45' title="bbox 1900 1332 3483 1401">
     <span class='ocr_line' id='line_1_45' title="bbox 1900 1332 3483 1401; baseline 0 -14"><span class='ocrx_word' id='word_1_302' title='bbox 1900 1348 2043 1388; x_wconf 91' lang='lat' dir='ltr'><strong>anno</strong></span> <span class='ocrx_word' id='word_1_303' title='bbox 2068 1332 2274 1387; x_wconf 90' lang='lat' dir='ltr'><strong>tamdiu</strong></span> <span class='ocrx_word' id='word_1_304' title='bbox 2299 1341 2469 1387; x_wconf 89' lang='lat' dir='ltr'><strong>totam</strong></span> <span class='ocrx_word' id='word_1_305' title='bbox 2496 1339 2693 1387; x_wconf 85' lang='lat' dir='ltr'><strong>terram</strong></span> <span class='ocrx_word' id='word_1_306' title='bbox 2719 1333 2945 1401; x_wconf 81' lang='lat' dir='ltr'><strong>obtexit,</strong></span> <span class='ocrx_word' id='word_1_307' title='bbox 2985 1334 3038 1389; x_wconf 91' lang='lat' dir='ltr'><strong>in</strong></span> <span class='ocrx_word' id='word_1_308' title='bbox 3064 1334 3326 1390; x_wconf 88' lang='lat' dir='ltr'><strong>electione</strong></span> <span class='ocrx_word' id='word_1_309' title='bbox 3352 1333 3483 1389; x_wconf 86' lang='lat' dir='ltr'><strong>novi</strong></span> 
     </span>
    </p>
   </div>
   <div class='ocr_carea' id='block_1_46' title="bbox 1898 1424 3484 1496">
    <p class='ocr_par' dir='ltr' id='par_1_46' title="bbox 1898 1424 3484 1496">
     <span class='ocr_line' id='line_1_46' title="bbox 1898 1424 3484 1496; baseline 0.001 -17"><span class='ocrx_word' id='word_1_310' title='bbox 1898 1424 2043 1496; x_wconf 88' lang='lat' dir='ltr'><strong>regis</strong></span> <span class='ocrx_word' id='word_1_311' title='bbox 2065 1425 2261 1481; x_wconf 87' lang='lat' dir='ltr'><strong>resolvi</strong></span> <span class='ocrx_word' id='word_1_312' title='bbox 2285 1426 2504 1480; x_wconf 90' lang='lat' dir='ltr'><strong>tandem</strong></span> <span class='ocrx_word' id='word_1_313' title='bbox 2529 1426 2751 1495; x_wconf 87' lang='lat' dir='ltr'><strong>incepit.</strong></span> <span class='ocrx_word' id='word_1_314' title='bbox 2780 1425 2839 1480; x_wconf 87' lang='lat' dir='ltr'><strong>In</strong></span> <span class='ocrx_word' id='word_1_315' title='bbox 2876 1427 2963 1481; x_wconf 91' lang='lat' dir='ltr'><strong>die</strong></span> <span class='ocrx_word' id='word_1_316' title='bbox 2984 1435 3163 1482; x_wconf 88' lang='lat' dir='ltr'><strong>autem</strong></span> <span class='ocrx_word' id='word_1_317' title='bbox 3192 1442 3484 1483; x_wconf 85' lang='lat' dir='ltr'><strong>consecra—</strong></span> 
     </span>
    </p>
   </div>
   <div class='ocr_carea' id='block_1_47' title="bbox 1900 1517 3485 1590">
    <p class='ocr_par' dir='ltr' id='par_1_47' title="bbox 1900 1517 3485 1590">
     <span class='ocr_line' id='line_1_47' title="bbox 1900 1517 3485 1590; baseline 0.001 -19"><span class='ocrx_word' id='word_1_318' title='bbox 1900 1519 2065 1573; x_wconf 91' lang='lat' dir='ltr'><strong>tionis</strong></span> <span class='ocrx_word' id='word_1_319' title='bbox 2092 1517 2211 1589; x_wconf 86' lang='lat' dir='ltr'><strong>ejus</strong></span> <span class='ocrx_word' id='word_1_320' title='bbox 2240 1534 2336 1589; x_wconf 91' lang='lat' dir='ltr'><strong>pcr</strong></span> <span class='ocrx_word' id='word_1_321' title='bbox 2369 1520 2774 1590; x_wconf 85' lang='lat' dir='ltr'><strong>suggestionem</strong></span> <span class='ocrx_word' id='word_1_322' title='bbox 2798 1519 3226 1575; x_wconf 90' lang='lat' dir='ltr'><strong>simoniacorum</strong></span> <span class='ocrx_word' id='word_1_323' title='bbox 3258 1519 3485 1575; x_wconf 85' lang='lat' dir='ltr'><strong>clerico-</strong></span> 
     </span>
    </p>
   </div>
   <div class='ocr_carea' id='block_1_48' title="bbox 1902 1610 3480 1683">
    <p class='ocr_par' dir='ltr' id='par_1_48' title="bbox 1902 1610 3480 1683">
     <span class='ocr_line' id='line_1_48' title="bbox 1902 1610 3480 1683; baseline 0.003 -19"><span class='ocrx_word' id='word_1_324' title='bbox 1902 1625 2023 1664; x_wconf 89' lang='lat' dir='ltr'><strong>rum</strong></span> <span class='ocrx_word' id='word_1_325' title='bbox 2059 1611 2297 1665; x_wconf 88' lang='lat' dir='ltr'><strong>maxima</strong></span> <span class='ocrx_word' id='word_1_326' title='bbox 2323 1611 2519 1667; x_wconf 87' lang='lat' dir='ltr'><strong>seditio</strong></span> <span class='ocrx_word' id='word_1_327' title='bbox 2541 1610 2829 1683; x_wconf 70' lang='lat' dir='ltr'><strong>Mogontia:</strong></span> <span class='ocrx_word' id='word_1_328' title='bbox 2848 1619 2968 1666; x_wconf 89' lang='lat' dir='ltr'><strong>orta</strong></span> <span class='ocrx_word' id='word_1_329' title='bbox 2991 1620 3093 1678; x_wconf 91' lang='lat' dir='ltr'><strong>cst,</strong></span> <span class='ocrx_word' id='word_1_330' title='bbox 3132 1612 3208 1667; x_wconf 92' lang='lat' dir='ltr'><strong>ita</strong></span> <span class='ocrx_word' id='word_1_331' title='bbox 3246 1622 3305 1667; x_wconf 91' lang='lat' dir='ltr'><strong>ut</strong></span> <span class='ocrx_word' id='word_1_332' title='bbox 3320 1611 3480 1669; x_wconf 85' lang='lat' dir='ltr'><strong>etiam</strong></span> 
     </span>
    </p>
   </div>
   <div class='ocr_carea' id='block_1_49' title="bbox 1900 1700 3483 1773">
    <p class='ocr_par' dir='ltr' id='par_1_49' title="bbox 1900 1700 3483 1773">
     <span class='ocr_line' id='line_1_49' title="bbox 1900 1700 3483 1773; baseline 0.001 -18"><span class='ocrx_word' id='word_1_333' title='bbox 1900 1701 2161 1771; x_wconf 82' lang='lat' dir='ltr'><strong>palatium</strong></span> <span class='ocrx_word' id='word_1_334' title='bbox 2202 1702 2509 1773; x_wconf 88' lang='lat' dir='ltr'><strong>irrumpere</strong></span> <span class='ocrx_word' id='word_1_335' title='bbox 2538 1703 2755 1770; x_wconf 87' lang='lat' dir='ltr'><strong>vellent,</strong></span> <span class='ocrx_word' id='word_1_336' title='bbox 2806 1711 2861 1757; x_wconf 90' lang='lat' dir='ltr'><strong>et</strong></span> <span class='ocrx_word' id='word_1_337' title='bbox 2896 1700 3341 1772; x_wconf 84' lang='lat' dir='ltr'><strong>religiosissimos</strong></span> <span class='ocrx_word' id='word_1_338' title='bbox 3371 1704 3483 1758; x_wconf 73' lang='lat' dir='ltr'><strong>cle—</strong></span> 
     </span>
    </p>
   </div>
   <div class='ocr_carea' id='block_1_50' title="bbox 1900 1792 3485 1850">
    <p class='ocr_par' dir='ltr' id='par_1_50' title="bbox 1900 1792 3485 1850">
     <span class='ocr_line' id='line_1_50' title="bbox 1900 1792 3485 1850; baseline 0.001 -3"><span class='ocrx_word' id='word_1_339' title='bbox 1900 1793 2043 1848; x_wconf 88' lang='lat' dir='ltr'><strong>ricos</strong></span> <span class='ocrx_word' id='word_1_340' title='bbox 2075 1802 2129 1850; x_wconf 89' lang='lat' dir='ltr'><strong>et</strong></span> <span class='ocrx_word' id='word_1_341' title='bbox 2150 1795 2451 1850; x_wconf 88' lang='lat' dir='ltr'><strong>monachos</strong></span> <span class='ocrx_word' id='word_1_342' title='bbox 2474 1795 2739 1850; x_wconf 89' lang='lat' dir='ltr'><strong>occidere.</strong></span> <span class='ocrx_word' id='word_1_343' title='bbox 2780 1794 2884 1849; x_wconf 89' lang='lat' dir='ltr'><strong>Sed</strong></span> <span class='ocrx_word' id='word_1_344' title='bbox 2909 1794 3126 1849; x_wconf 80' lang='lat' dir='ltr'><strong>dextera</strong></span> <span class='ocrx_word' id='word_1_345' title='bbox 3158 1792 3253 1848; x_wconf 89' lang='lat' dir='ltr'><strong>Dei</strong></span> <span class='ocrx_word' id='word_1_346' title='bbox 3285 1793 3485 1848; x_wconf 88' lang='lat' dir='ltr'><strong>milites</strong></span> 
     </span>
    </p>
   </div>
   <div class='ocr_carea' id='block_1_51' title="bbox 1896 1874 3485 1957">
    <p class='ocr_par' dir='ltr' id='par_1_51' title="bbox 1896 1874 3485 1957">
     <span class='ocr_line' id='line_1_51' title="bbox 1896 1874 3485 1957; baseline -0.002 -17"><span class='ocrx_word' id='word_1_347' title='bbox 1896 1886 2025 1941; x_wconf 92' lang='lat' dir='ltr'><strong>novi</strong></span> <span class='ocrx_word' id='word_1_348' title='bbox 2051 1874 2338 1957; x_wconf 78' lang='lat' dir='ltr'><strong>principis,</strong></span> <span class='ocrx_word' id='word_1_349' title='bbox 2364 1887 2491 1941; x_wconf 91' lang='lat' dir='ltr'><strong>licet</strong></span> <span class='ocrx_word' id='word_1_350' title='bbox 2516 1887 2775 1953; x_wconf 88' lang='lat' dir='ltr'><strong>inermes,</strong></span> <span class='ocrx_word' id='word_1_351' title='bbox 2803 1886 2876 1940; x_wconf 90' lang='lat' dir='ltr'><strong>ita</strong></span> <span class='ocrx_word' id='word_1_352' title='bbox 2899 1886 3157 1957; x_wconf 80' lang='lat' dir='ltr'><strong>protexit,</strong></span> <span class='ocrx_word' id='word_1_353' title='bbox 3185 1897 3246 1941; x_wconf 90' lang='lat' dir='ltr'><strong>ut</strong></span> <span class='ocrx_word' id='word_1_354' title='bbox 3274 1885 3485 1940; x_wconf 90' lang='lat' dir='ltr'><strong>nullum</strong></span> 
     </span>
    </p>
   </div>
   <div class='ocr_carea' id='block_1_52' title="bbox 1895 1977 3486 2048">
    <p class='ocr_par' dir='ltr' id='par_1_52' title="bbox 1895 1977 3486 2048">
     <span class='ocr_line' id='line_1_52' title="bbox 1895 1977 3486 2048; baseline -0.002 -16"><span class='ocrx_word' id='word_1_355' title='bbox 1895 1977 1999 2033; x_wconf 90' lang='lat' dir='ltr'><strong>nisi</strong></span> <span class='ocrx_word' id='word_1_356' title='bbox 2038 1993 2209 2034; x_wconf 82' lang='lat' dir='ltr'><strong>unum</strong></span> <span class='ocrx_word' id='word_1_357' title='bbox 2245 1993 2312 2034; x_wconf 85' lang='lat' dir='ltr'><strong>ex</strong></span> <span class='ocrx_word' id='word_1_358' title='bbox 2337 1978 2454 2035; x_wconf 89' lang='lat' dir='ltr'><strong>suis</strong></span> <span class='ocrx_word' id='word_1_359' title='bbox 2488 1978 2797 2048; x_wconf 88' lang='lat' dir='ltr'><strong>perderent,</strong></span> <span class='ocrx_word' id='word_1_360' title='bbox 2843 1994 2907 2034; x_wconf 81' lang='lat' dir='ltr'><strong>ex</strong></span> <span class='ocrx_word' id='word_1_361' title='bbox 2938 1978 3269 2035; x_wconf 86' lang='lat' dir='ltr'><strong>adversariis</strong></span> <span class='ocrx_word' id='word_1_362' title='bbox 3304 1985 3486 2032; x_wconf 89' lang='lat' dir='ltr'><strong>autem</strong></span> 
     </span>
    </p>
   </div>
   <div class='ocr_carea' id='block_1_53' title="bbox 1896 2068 3488 2140">
    <p class='ocr_par' dir='ltr' id='par_1_53' title="bbox 1896 2068 3488 2140">
     <span class='ocr_line' id='line_1_53' title="bbox 1896 2068 3488 2140; baseline 0 -18"><span class='ocrx_word' id='word_1_363' title='bbox 1896 2070 2021 2139; x_wconf 81' lang='lat' dir='ltr'><strong>plus</strong></span> <span class='ocrx_word' id='word_1_364' title='bbox 2051 2085 2216 2139; x_wconf 91' lang='lat' dir='ltr'><strong>quam</strong></span> <span class='ocrx_word' id='word_1_365' title='bbox 2243 2078 2465 2125; x_wconf 89' lang='lat' dir='ltr'><strong>centum</strong></span> <span class='ocrx_word' id='word_1_366' title='bbox 2494 2069 2694 2139; x_wconf 87' lang='lat' dir='ltr'><strong>partim</strong></span> <span class='ocrx_word' id='word_1_367' title='bbox 2741 2068 2885 2124; x_wconf 87' lang='lat' dir='ltr'><strong>ferro</strong></span> <span class='ocrx_word' id='word_1_368' title='bbox 2906 2071 3106 2140; x_wconf 82' lang='lat' dir='ltr'><strong>partim</strong></span> <span class='ocrx_word' id='word_1_369' title='bbox 3148 2086 3291 2140; x_wconf 86' lang='lat' dir='ltr'><strong>aqua</strong></span> <span class='ocrx_word' id='word_1_370' title='bbox 3322 2083 3488 2123; x_wconf 86' lang='lat' dir='ltr'><strong>neca-</strong></span> 
     </span>
    </p>
   </div>
   <div class='ocr_carea' id='block_1_54' title="bbox 1895 2159 3492 2232">
    <p class='ocr_par' dir='ltr' id='par_1_54' title="bbox 1895 2159 3492 2232">
     <span class='ocr_line' id='line_1_54' title="bbox 1895 2159 3492 2232; baseline 0.001 -18"><span class='ocrx_word' id='word_1_371' title='bbox 1895 2169 2035 2215; x_wconf 89' lang='lat' dir='ltr'><strong>rent.</strong></span> <span class='ocrx_word' id='word_1_372' title='bbox 2071 2159 2283 2228; x_wconf 85' lang='lat' dir='ltr'><strong>Quibus</strong></span> <span class='ocrx_word' id='word_1_373' title='bbox 2315 2162 2480 2217; x_wconf 88' lang='lat' dir='ltr'><strong>etiam</strong></span> <span class='ocrx_word' id='word_1_374' title='bbox 2518 2178 2617 2232; x_wconf 93' lang='lat' dir='ltr'><strong>pro</strong></span> <span class='ocrx_word' id='word_1_375' title='bbox 2650 2162 2964 2231; x_wconf 84' lang='lat' dir='ltr'><strong>homicidiis</strong></span> <span class='ocrx_word' id='word_1_376' title='bbox 2994 2162 3313 2231; x_wconf 86' lang='lat' dir='ltr'><strong>lmjusmodi</strong></span> <span class='ocrx_word' id='word_1_377' title='bbox 3341 2177 3369 2216; x_wconf 92' lang='lat' dir='ltr'><strong>a</strong></span> <span class='ocrx_word' id='word_1_378' title='bbox 3414 2161 3492 2215; x_wconf 89' lang='lat' dir='ltr'><strong>le-</strong></span> 
     </span>
    </p>
   </div>
   <div class='ocr_carea' id='block_1_55' title="bbox 1896 2253 3488 2325">
    <p class='ocr_par' dir='ltr' id='par_1_55' title="bbox 1896 2253 3488 2325">
     <span class='ocr_line' id='line_1_55' title="bbox 1896 2253 3488 2325; baseline -0.003 -16"><span class='ocrx_word' id='word_1_379' title='bbox 1896 2255 2035 2325; x_wconf 88' lang='lat' dir='ltr'><strong>gatis</strong></span> <span class='ocrx_word' id='word_1_380' title='bbox 2057 2255 2368 2324; x_wconf 64' lang='lat' dir='ltr'><strong>apostolica:</strong></span> <span class='ocrx_word' id='word_1_381' title='bbox 2396 2256 2540 2310; x_wconf 86' lang='lat' dir='ltr'><strong>sedis</strong></span> <span class='ocrx_word' id='word_1_382' title='bbox 2583 2256 2708 2311; x_wconf 90' lang='lat' dir='ltr'><strong>talis</strong></span> <span class='ocrx_word' id='word_1_383' title='bbox 2751 2254 3047 2325; x_wconf 89' lang='lat' dir='ltr'><strong>penitentia</strong></span> <span class='ocrx_word' id='word_1_384' title='bbox 3094 2253 3348 2323; x_wconf 89' lang='lat' dir='ltr'><strong>imposita</strong></span> <span class='ocrx_word' id='word_1_385' title='bbox 3385 2260 3488 2317; x_wconf 87' lang='lat' dir='ltr'><strong>est,</strong></span> 
     </span>
    </p>
   </div>
   <div class='ocr_carea' id='block_1_56' title="bbox 1897 2343 3493 2417">
    <p class='ocr_par' dir='ltr' id='par_1_56' title="bbox 1897 2343 3493 2417">
     <span class='ocr_line' id='line_1_56' title="bbox 1897 2343 3493 2417; baseline -0.003 -15"><span class='ocrx_word' id='word_1_386' title='bbox 1897 2356 1959 2402; x_wconf 89' lang='lat' dir='ltr'><strong>ut</strong></span> <span class='ocrx_word' id='word_1_387' title='bbox 1977 2347 2179 2417; x_wconf 82' lang='lat' dir='ltr'><strong>singuli</strong></span> <span class='ocrx_word' id='word_1_388' title='bbox 2216 2357 2312 2403; x_wconf 86' lang='lat' dir='ltr'><strong>aut</strong></span> <span class='ocrx_word' id='word_1_389' title='bbox 2359 2349 2429 2402; x_wconf 80' lang='grc'><strong>40</strong></span> <span class='ocrx_word' id='word_1_390' title='bbox 2471 2348 2591 2403; x_wconf 89' lang='lat' dir='ltr'><strong>dies</strong></span> <span class='ocrx_word' id='word_1_391' title='bbox 2633 2347 2968 2417; x_wconf 86' lang='lat' dir='ltr'><strong>jejunarent,</strong></span> <span class='ocrx_word' id='word_1_392' title='bbox 3007 2354 3099 2400; x_wconf 90' lang='lat' dir='ltr'><strong>aut</strong></span> <span class='ocrx_word' id='word_1_393' title='bbox 3129 2343 3198 2399; x_wconf 67' lang='grc'><strong>40</strong></span> <span class='ocrx_word' id='word_1_394' title='bbox 3224 2358 3493 2414; x_wconf 85' lang='lat' dir='ltr'><strong>pauperes</strong></span> 
     </span>
    </p>
   </div>
   <div class='ocr_carea' id='block_1_57' title="bbox 1898 2437 3491 2510">
    <p class='ocr_par' dir='ltr' id='par_1_57' title="bbox 1898 2437 3491 2510">
     <span class='ocr_line' id='line_1_57' title="bbox 1898 2437 3491 2510; baseline -0.004 -16"><span class='ocrx_word' id='word_1_395' title='bbox 1898 2440 2067 2495; x_wconf 88' lang='lat' dir='ltr'><strong>semel</strong></span> <span class='ocrx_word' id='word_1_396' title='bbox 2092 2448 2402 2510; x_wconf 90' lang='lat' dir='ltr'><strong>pascerent,</strong></span> <span class='ocrx_word' id='word_1_397' title='bbox 2430 2455 2532 2494; x_wconf 89' lang='lat' dir='ltr'><strong>nec</strong></span> <span class='ocrx_word' id='word_1_398' title='bbox 2552 2446 2735 2493; x_wconf 90' lang='lat' dir='ltr'><strong>tamen</strong></span> <span class='ocrx_word' id='word_1_399' title='bbox 2769 2437 3215 2493; x_wconf 72' lang='lat' dir='ltr'><strong>mcclesiasticam</strong></span> <span class='ocrx_word' id='word_1_400' title='bbox 3241 2451 3491 2492; x_wconf 91' lang='lat' dir='ltr'><strong>commu-</strong></span> 
     </span>
    </p>
   </div>
   <div class='ocr_carea' id='block_1_58' title="bbox 1899 2528 3493 2602">
    <p class='ocr_par' dir='ltr' id='par_1_58' title="bbox 1899 2528 3493 2602">
     <span class='ocr_line' id='line_1_58' title="bbox 1899 2528 3493 2602; baseline -0.003 -17"><span class='ocrx_word' id='word_1_401' title='bbox 1899 2530 2121 2587; x_wconf 90' lang='lat' dir='ltr'><strong>nionem</strong></span> <span class='ocrx_word' id='word_1_402' title='bbox 2179 2531 2338 2602; x_wconf 90' lang='lat' dir='ltr'><strong>quasi</strong></span> <span class='ocrx_word' id='word_1_403' title='bbox 2389 2530 2678 2586; x_wconf 76' lang='lat' dir='ltr'><strong>homicidae</strong></span> <span class='ocrx_word' id='word_1_404' title='bbox 2735 2530 2991 2585; x_wconf 84' lang='lat' dir='ltr'><strong>vitarent.</strong></span> <span class='ocrx_word' id='word_1_405' title='bbox 3049 2528 3355 2585; x_wconf 84' lang='lat' dir='ltr'><strong>Roudolfus</strong></span> <span class='ocrx_word' id='word_1_406' title='bbox 3398 2543 3493 2582; x_wconf 81' lang='lat' dir='ltr'><strong>rex</strong></span> 
     </span>
    </p>
   </div>
   <div class='ocr_carea' id='block_1_59' title="bbox 1898 2620 3494 2692">
    <p class='ocr_par' dir='ltr' id='par_1_59' title="bbox 1898 2620 3494 2692">
     <span class='ocr_line' id='line_1_59' title="bbox 1898 2620 3494 2692; baseline -0.005 -14"><span class='ocrx_word' id='word_1_407' title='bbox 1898 2630 2026 2692; x_wconf 89' lang='lat' dir='ltr'><strong>post</strong></span> <span class='ocrx_word' id='word_1_408' title='bbox 2060 2622 2531 2677; x_wconf 88' lang='lat' dir='ltr'><strong>consecrationem</strong></span> <span class='ocrx_word' id='word_1_409' title='bbox 2560 2623 2616 2676; x_wconf 93' lang='lat' dir='ltr'><strong>in</strong></span> <span class='ocrx_word' id='word_1_410' title='bbox 2654 2620 2912 2677; x_wconf 91' lang='lat' dir='ltr'><strong>Sueviam</strong></span> <span class='ocrx_word' id='word_1_411' title='bbox 2950 2621 3231 2683; x_wconf 87' lang='lat' dir='ltr'><strong>secedens,</strong></span> <span class='ocrx_word' id='word_1_412' title='bbox 3267 2635 3494 2689; x_wconf 84' lang='lat' dir='ltr'><strong>regnum</strong></span> 
     </span>
    </p>
   </div>
   <div class='ocr_carea' id='block_1_60' title="bbox 1902 2710 3493 2784">
    <p class='ocr_par' dir='ltr' id='par_1_60' title="bbox 1902 2710 3493 2784">
     <span class='ocr_line' id='line_1_60' title="bbox 1902 2710 3493 2784; baseline -0.004 -15"><span class='ocrx_word' id='word_1_413' title='bbox 1902 2714 2004 2769; x_wconf 88' lang='lat' dir='ltr'><strong>sibi</strong></span> <span class='ocrx_word' id='word_1_414' title='bbox 2037 2714 2369 2784; x_wconf 87' lang='lat' dir='ltr'><strong>subjugavit.</strong></span> <span class='ocrx_word' id='word_1_415' title='bbox 2400 2712 2620 2767; x_wconf 84' lang='lat' dir='ltr'><strong>interim</strong></span> <span class='ocrx_word' id='word_1_416' title='bbox 2649 2711 2938 2767; x_wconf 82' lang='lat' dir='ltr'><strong>Heinricus</strong></span> <span class='ocrx_word' id='word_1_417' title='bbox 2961 2710 3355 2781; x_wconf 69' lang='lat' dir='ltr'><strong>Longobardite</strong></span> <span class='ocrx_word' id='word_1_418' title='bbox 3370 2725 3493 2764; x_wconf 90' lang='lat' dir='ltr'><strong>mo-</strong></span> 
     </span>
    </p>
   </div>
   <div class='ocr_carea' id='block_1_61' title="bbox 1902 2802 3493 2875">
    <p class='ocr_par' dir='ltr' id='par_1_61' title="bbox 1902 2802 3493 2875">
     <span class='ocr_line' id='line_1_61' title="bbox 1902 2802 3493 2875; baseline -0.006 -14"><span class='ocrx_word' id='word_1_419' title='bbox 1902 2806 2148 2872; x_wconf 88' lang='lat' dir='ltr'><strong>rabatur,</strong></span> <span class='ocrx_word' id='word_1_420' title='bbox 2182 2805 2251 2860; x_wconf 91' lang='lat' dir='ltr'><strong>ad</strong></span> <span class='ocrx_word' id='word_1_421' title='bbox 2292 2820 2456 2875; x_wconf 87' lang='lat' dir='ltr'><strong>quem</strong></span> <span class='ocrx_word' id='word_1_422' title='bbox 2500 2803 2748 2872; x_wconf 90' lang='lat' dir='ltr'><strong>Cincius,</strong></span> <span class='ocrx_word' id='word_1_423' title='bbox 2781 2804 2915 2860; x_wconf 85' lang='lat' dir='ltr'><strong>civis</strong></span> <span class='ocrx_word' id='word_1_424' title='bbox 2965 2802 3269 2868; x_wconf 81' lang='lat' dir='ltr'><strong>Romanus,</strong></span> <span class='ocrx_word' id='word_1_425' title='bbox 3308 2817 3493 2856; x_wconf 89' lang='lat' dir='ltr'><strong>secum</strong></span> 
     </span>
    </p>
   </div>
   <div class='ocr_carea' id='block_1_62' title="bbox 1904 2896 3493 2969">
    <p class='ocr_par' dir='ltr' id='par_1_62' title="bbox 1904 2896 3493 2969">
     <span class='ocr_line' id='line_1_62' title="bbox 1904 2896 3493 2969; baseline -0.004 -16"><span class='ocrx_word' id='word_1_426' title='bbox 1904 2899 2112 2955; x_wconf 87' lang='lat' dir='ltr'><strong>ducens</strong></span> <span class='ocrx_word' id='word_1_427' title='bbox 2141 2907 2362 2969; x_wconf 89' lang='lat' dir='ltr'><strong>captum</strong></span> <span class='ocrx_word' id='word_1_428' title='bbox 2403 2898 2771 2954; x_wconf 85' lang='lat' dir='ltr'><strong>venerabilem</strong></span> <span class='ocrx_word' id='word_1_429' title='bbox 2804 2897 3111 2953; x_wconf 88' lang='lat' dir='ltr'><strong>Cumanum</strong></span> <span class='ocrx_word' id='word_1_430' title='bbox 3151 2896 3493 2966; x_wconf 88' lang='lat' dir='ltr'><strong>episcopum,</strong></span> 
     </span>
    </p>
   </div>
   <div class='ocr_carea' id='block_1_63' title="bbox 1905 2989 3497 3063">
    <p class='ocr_par' dir='ltr' id='par_1_63' title="bbox 1905 2989 3497 3063">
     <span class='ocr_line' id='line_1_63' title="bbox 1905 2989 3497 3063; baseline -0.004 -18"><span class='ocrx_word' id='word_1_431' title='bbox 1905 2992 2127 3046; x_wconf 87' lang='lat' dir='ltr'><strong>nomine</strong></span> <span class='ocrx_word' id='word_1_432' title='bbox 2148 2991 2531 3063; x_wconf 84' lang='lat' dir='ltr'><strong>chinaldum,</strong></span> <span class='ocrx_word' id='word_1_433' title='bbox 2556 2989 2782 3061; x_wconf 87' lang='lat' dir='ltr'><strong>Papiam</strong></span> <span class='ocrx_word' id='word_1_434' title='bbox 2826 2991 2993 3057; x_wconf 87' lang='lat' dir='ltr'><strong>venit,</strong></span> <span class='ocrx_word' id='word_1_435' title='bbox 3017 2989 3218 3060; x_wconf 89' lang='lat' dir='ltr'><strong>quippe</strong></span> <span class='ocrx_word' id='word_1_436' title='bbox 3242 3002 3497 3041; x_wconf 86' lang='lat' dir='ltr'><strong>remune—</strong></span> 
     </span>
    </p>
   </div>
   <div class='ocr_carea' id='block_1_64' title="bbox 1906 3079 3495 3154">
    <p class='ocr_par' dir='ltr' id='par_1_64' title="bbox 1906 3079 3495 3154">
     <span class='ocr_line' id='line_1_64' title="bbox 1906 3079 3495 3154; baseline -0.005 -16"><span class='ocrx_word' id='word_1_437' title='bbox 1906 3081 2020 3138; x_wconf 91' lang='lat' dir='ltr'><strong>rari</strong></span> <span class='ocrx_word' id='word_1_438' title='bbox 2050 3099 2080 3138; x_wconf 92' lang='lat' dir='ltr'><strong>a</strong></span> <span class='ocrx_word' id='word_1_439' title='bbox 2111 3081 2366 3139; x_wconf 83' lang='lat' dir='ltr'><strong>Heinrico</strong></span> <span class='ocrx_word' id='word_1_440' title='bbox 2397 3084 2589 3138; x_wconf 90' lang='lat' dir='ltr'><strong>volens</strong></span> <span class='ocrx_word' id='word_1_441' title='bbox 2612 3126 2627 3150; x_wconf 92' lang='lat'><strong>,</strong></span> <span class='ocrx_word' id='word_1_442' title='bbox 2658 3101 2724 3139; x_wconf 89' lang='lat' dir='ltr'><strong>eo</strong></span> <span class='ocrx_word' id='word_1_443' title='bbox 2768 3083 2913 3154; x_wconf 93' lang='lat' dir='ltr'><strong>quod</strong></span> <span class='ocrx_word' id='word_1_444' title='bbox 2961 3084 3015 3137; x_wconf 93' lang='lat' dir='ltr'><strong>in</strong></span> <span class='ocrx_word' id='word_1_445' title='bbox 3060 3081 3342 3138; x_wconf 82' lang='lat' dir='ltr'><strong>servitium</strong></span> <span class='ocrx_word' id='word_1_446' title='bbox 3376 3079 3495 3149; x_wconf 83' lang='lat' dir='ltr'><strong>ejus</strong></span> 
     </span>
    </p>
   </div>
   <div class='ocr_carea' id='block_1_65' title="bbox 1907 3172 3495 3246">
    <p class='ocr_par' dir='ltr' id='par_1_65' title="bbox 1907 3172 3495 3246">
     <span class='ocr_line' id='line_1_65' title="bbox 1907 3172 3495 3246; baseline -0.004 -17"><span class='ocrx_word' id='word_1_447' title='bbox 1907 3175 2054 3231; x_wconf 88' lang='lat' dir='ltr'><strong>hunc</strong></span> <span class='ocrx_word' id='word_1_448' title='bbox 2075 3176 2239 3230; x_wconf 91' lang='lat' dir='ltr'><strong>modo</strong></span> <span class='ocrx_word' id='word_1_449' title='bbox 2268 3176 2586 3246; x_wconf 85' lang='lat' dir='ltr'><strong>episcopum</strong></span> <span class='ocrx_word' id='word_1_450' title='bbox 2614 3183 2669 3229; x_wconf 85' lang='lat' dir='ltr'><strong>et</strong></span> <span class='ocrx_word' id='word_1_451' title='bbox 2695 3175 2748 3230; x_wconf 92' lang='lat' dir='ltr'><strong>in</strong></span> <span class='ocrx_word' id='word_1_452' title='bbox 2774 3175 3045 3246; x_wconf 64' lang='lat' dir='ltr'><strong>praeterito</strong></span> <span class='ocrx_word' id='word_1_453' title='bbox 3062 3189 3207 3228; x_wconf 91' lang='lat' dir='ltr'><strong>anno</strong></span> <span class='ocrx_word' id='word_1_454' title='bbox 3234 3172 3495 3227; x_wconf 86' lang='lat' dir='ltr'><strong>domuum</strong></span> 
     </span>
    </p>
   </div>
   <div class='ocr_carea' id='block_1_66' title="bbox 1910 3265 3496 3337">
    <p class='ocr_par' dir='ltr' id='par_1_66' title="bbox 1910 3265 3496 3337">
     <span class='ocr_line' id='line_1_66' title="bbox 1910 3265 3496 3337; baseline -0.003 -18"><span class='ocrx_word' id='word_1_455' title='bbox 1910 3268 2269 3336; x_wconf 87' lang='lat' dir='ltr'><strong>apostolicum</strong></span> <span class='ocrx_word' id='word_1_456' title='bbox 2324 3267 2717 3337; x_wconf 85' lang='lat' dir='ltr'><strong>captivaverat;</strong></span> <span class='ocrx_word' id='word_1_457' title='bbox 2756 3275 2837 3321; x_wconf 88' lang='lat' dir='ltr'><strong>set</strong></span> <span class='ocrx_word' id='word_1_458' title='bbox 2881 3266 2952 3320; x_wconf 89' lang='lat' dir='ltr'><strong>ibi</strong></span> <span class='ocrx_word' id='word_1_459' title='bbox 3002 3265 3287 3320; x_wconf 85' lang='lat' dir='ltr'><strong>subitanea</strong></span> <span class='ocrx_word' id='word_1_460' title='bbox 3321 3272 3496 3316; x_wconf 85' lang='lat' dir='ltr'><strong>morte</strong></span> 
     </span>
    </p>
   </div>
   <div class='ocr_carea' id='block_1_67' title="bbox 221 3355 3495 3434">
    <p class='ocr_par' dir='ltr' id='par_1_67' title="bbox 221 3355 3495 3434">
     <span class='ocr_line' id='line_1_67' title="bbox 221 3355 3495 3434; baseline 0.001 -28"><span class='ocrx_word' id='word_1_461' title='bbox 221 3355 412 3412; x_wconf 79' lang='lat' dir='ltr'><strong>dalaus</strong></span> <span class='ocrx_word' id='word_1_462' title='bbox 475 3368 733 3427; x_wconf 83' lang='lat' dir='ltr'><strong>suscepto</strong></span> <span class='ocrx_word' id='word_1_463' title='bbox 777 3358 1033 3414; x_wconf 89' lang='lat' dir='ltr'><strong>monachi</strong></span> <span class='ocrx_word' id='word_1_464' title='bbox 1082 3360 1294 3428; x_wconf 87' lang='lat' dir='ltr'><strong>habitu,</strong></span> <span class='ocrx_word' id='word_1_465' title='bbox 1345 3361 1450 3415; x_wconf 90' lang='lat' dir='ltr'><strong>sub</strong></span> <span class='ocrx_word' id='word_1_466' title='bbox 1495 3363 1808 3434; x_wconf 86' lang='lat' dir='ltr'><strong>evangelica</strong></span> <span class='ocrx_word' id='word_1_467' title='bbox 1843 3423 1876 3434; x_wconf 44' lang='grc' dir='ltr'><strong>Α</strong></span> <span class='ocrx_word' id='word_1_468' title='bbox 1909 3368 2237 3429; x_wconf 76' lang='lat' dir='ltr'><strong>praeventus,</strong></span> <span class='ocrx_word' id='word_1_469' title='bbox 2277 3357 3299 3427; x_wconf 86' lang='lat' dir='ltr'><strong>debitamremunerationemaccepit,</strong></span> <span class='ocrx_word' id='word_1_470' title='bbox 3331 3371 3495 3425; x_wconf 91' lang='lat' dir='ltr'><strong>quam</strong></span> 
     </span>
    </p>
   </div>
   <div class='ocr_carea' id='block_1_68' title="bbox 222 3446 1110 3520">
    <p class='ocr_par' dir='ltr' id='par_1_68' title="bbox 222 3446 1110 3520">
     <span class='ocr_line' id='line_1_68' title="bbox 222 3446 1110 3520; baseline 0.006 -20"><span class='ocrx_word' id='word_1_471' title='bbox 222 3446 560 3515; x_wconf 84' lang='lat' dir='ltr'><strong>perfectione</strong></span> <span class='ocrx_word' id='word_1_472' title='bbox 592 3450 858 3520; x_wconf 89' lang='lat' dir='ltr'><strong>requievit</strong></span> <span class='ocrx_word' id='word_1_473' title='bbox 880 3450 935 3504; x_wconf 92' lang='lat' dir='ltr'><strong>in</strong></span> <span class='ocrx_word' id='word_1_474' title='bbox 958 3466 1110 3520; x_wconf 88' lang='lat' dir='ltr'><strong>pace.</strong></span> 
     </span>
    </p>
   </div>
   <div class='ocr_carea' id='block_1_69' title="bbox 865 3541 1174 3598">
    <p class='ocr_par' dir='ltr' id='par_1_69' title="bbox 865 3541 1174 3598">
     <span class='ocr_line' id='line_1_69' title="bbox 865 3541 1174 3598; baseline 0.013 -4"><span class='ocrx_word' id='word_1_475' title='bbox 865 3541 1174 3598; x_wconf 77' lang='lat' dir='ltr'><strong>MLXXVII.</strong></span> 
     </span>
    </p>
   </div>
   <div class='ocr_carea' id='block_1_70' title="bbox 290 3627 1809 3709">
    <p class='ocr_par' dir='ltr' id='par_1_70' title="bbox 290 3627 1809 3709">
     <span class='ocr_line' id='line_1_70' title="bbox 290 3627 1809 3709; baseline 0.009 -27"><span class='ocrx_word' id='word_1_476' title='bbox 290 3627 411 3684; x_wconf 84' lang='lat' dir='ltr'><strong>Dux</strong></span> <span class='ocrx_word' id='word_1_477' title='bbox 461 3630 793 3687; x_wconf 83' lang='lat' dir='ltr'><strong>Bolenorum</strong></span> <span class='ocrx_word' id='word_1_478' title='bbox 827 3634 1011 3705; x_wconf 79' lang='grc'><strong>(1503)</strong></span> <span class='ocrx_word' id='word_1_479' title='bbox 1068 3652 1126 3690; x_wconf 90' lang='lat' dir='ltr'><strong>se</strong></span> <span class='ocrx_word' id='word_1_480' title='bbox 1181 3637 1237 3692; x_wconf 91' lang='lat' dir='ltr'><strong>in</strong></span> <span class='ocrx_word' id='word_1_481' title='bbox 1284 3653 1465 3709; x_wconf 89' lang='lat' dir='ltr'><strong>regem</strong></span> <span class='ocrx_word' id='word_1_482' title='bbox 1506 3641 1809 3697; x_wconf 89' lang='lat' dir='ltr'><strong>coronavit.</strong></span> 
     </span>
    </p>
   </div>
   <div class='ocr_carea' id='block_1_71' title="bbox 220 3718 1809 3798">
    <p class='ocr_par' dir='ltr' id='par_1_71' title="bbox 220 3718 1809 3798">
     <span class='ocr_line' id='line_1_71' title="bbox 220 3718 1809 3798; baseline 0.009 -25"><span class='ocrx_word' id='word_1_483' title='bbox 220 3718 458 3777; x_wconf 83' lang='lat' dir='ltr'><strong>Maxima</strong></span> <span class='ocrx_word' id='word_1_484' title='bbox 498 3723 591 3777; x_wconf 90' lang='lat' dir='ltr'><strong>nix</strong></span> <span class='ocrx_word' id='word_1_485' title='bbox 622 3732 795 3780; x_wconf 91' lang='lat' dir='ltr'><strong>totum</strong></span> <span class='ocrx_word' id='word_1_486' title='bbox 843 3742 1071 3798; x_wconf 86' lang='lat' dir='ltr'><strong>regnum</strong></span> <span class='ocrx_word' id='word_1_487' title='bbox 1116 3744 1148 3783; x_wconf 91' lang='lat' dir='ltr'><strong>a</strong></span> <span class='ocrx_word' id='word_1_488' title='bbox 1190 3728 1226 3783; x_wconf 75' lang='lat'><strong>2</strong></span> <span class='ocrx_word' id='word_1_489' title='bbox 1272 3728 1496 3785; x_wconf 87' lang='lat' dir='ltr'><strong>Kalend.</strong></span> <span class='ocrx_word' id='word_1_490' title='bbox 1545 3729 1809 3787; x_wconf 89' lang='lat' dir='ltr'><strong>Novemb.</strong></span> 
     </span>
    </p>
   </div>
   <div class='ocr_carea' id='block_1_72' title="bbox 217 3812 1815 3895">
    <p class='ocr_par' dir='ltr' id='par_1_72' title="bbox 217 3812 1815 3895">
     <span class='ocr_line' id='line_1_72' title="bbox 217 3812 1815 3895; baseline 0.009 -31"><span class='ocrx_word' id='word_1_491' title='bbox 217 3812 353 3866; x_wconf 84' lang='lat' dir='ltr'><strong>anni</strong></span> <span class='ocrx_word' id='word_1_492' title='bbox 386 3814 615 3883; x_wconf 90' lang='lat' dir='ltr'><strong>prioris,</strong></span> <span class='ocrx_word' id='word_1_493' title='bbox 646 3832 823 3885; x_wconf 90' lang='lat' dir='ltr'><strong>usque</strong></span> <span class='ocrx_word' id='word_1_494' title='bbox 849 3817 903 3871; x_wconf 92' lang='lat' dir='ltr'><strong>in</strong></span> <span class='ocrx_word' id='word_1_495' title='bbox 936 3817 967 3869; x_wconf 86' lang='grc'><strong>’7</strong></span> <span class='ocrx_word' id='word_1_496' title='bbox 1014 3817 1241 3874; x_wconf 87' lang='lat' dir='ltr'><strong>Kalend.</strong></span> <span class='ocrx_word' id='word_1_497' title='bbox 1274 3821 1480 3891; x_wconf 84' lang='lat' dir='ltr'><strong>Aprilis</strong></span> <span class='ocrx_word' id='word_1_498' title='bbox 1518 3823 1649 3878; x_wconf 91' lang='lat' dir='ltr'><strong>anni</strong></span> <span class='ocrx_word' id='word_1_499' title='bbox 1676 3840 1815 3895; x_wconf 76' lang='lat' dir='ltr'><strong>pra:-</strong></span> 
     </span>
    </p>
   </div>
   <div class='ocr_carea' id='block_1_73' title="bbox 221 3904 1819 3983">
    <p class='ocr_par' dir='ltr' id='par_1_73' title="bbox 221 3904 1819 3983">
     <span class='ocr_line' id='line_1_73' title="bbox 221 3904 1819 3983; baseline 0.008 -25"><span class='ocrx_word' id='word_1_500' title='bbox 221 3904 394 3959; x_wconf 81' lang='lat' dir='ltr'><strong>sentis</strong></span> <span class='ocrx_word' id='word_1_501' title='bbox 415 3906 678 3961; x_wconf 87' lang='lat' dir='ltr'><strong>obtinuit.</strong></span> <span class='ocrx_word' id='word_1_502' title='bbox 713 3906 1004 3965; x_wconf 82' lang='lat' dir='ltr'><strong>Heinricus</strong></span> <span class='ocrx_word' id='word_1_503' title='bbox 1027 3926 1120 3965; x_wconf 88' lang='lat' dir='ltr'><strong>rex</strong></span> <span class='ocrx_word' id='word_1_504' title='bbox 1155 3911 1354 3980; x_wconf 90' lang='lat' dir='ltr'><strong>dictus,</strong></span> <span class='ocrx_word' id='word_1_505' title='bbox 1372 3913 1609 3983; x_wconf 74' lang='lat' dir='ltr'><strong>propria:</strong></span> <span class='ocrx_word' id='word_1_506' title='bbox 1636 3930 1819 3970; x_wconf 71' lang='lat' dir='ltr'><strong>causa:</strong></span> 
     </span>
    </p>
   </div>
   <div class='ocr_carea' id='block_1_74' title="bbox 221 3994 1817 4072">
    <p class='ocr_par' dir='ltr' id='par_1_74' title="bbox 221 3994 1817 4072">
     <span class='ocr_line' id='line_1_74' title="bbox 221 3994 1817 4072; baseline 0.008 -23"><span class='ocrx_word' id='word_1_507' title='bbox 221 3994 494 4066; x_wconf 80' lang='lat' dir='ltr'><strong>dillidens,</strong></span> <span class='ocrx_word' id='word_1_508' title='bbox 539 4007 595 4054; x_wconf 89' lang='lat' dir='ltr'><strong>et</strong></span> <span class='ocrx_word' id='word_1_509' title='bbox 630 3999 835 4056; x_wconf 89' lang='lat' dir='ltr'><strong>idcirco</strong></span> <span class='ocrx_word' id='word_1_510' title='bbox 872 4002 1182 4072; x_wconf 90' lang='lat' dir='ltr'><strong>generalem</strong></span> <span class='ocrx_word' id='word_1_511' title='bbox 1223 4004 1557 4059; x_wconf 89' lang='lat' dir='ltr'><strong>audientiam</strong></span> <span class='ocrx_word' id='word_1_512' title='bbox 1603 4007 1817 4062; x_wconf 86' lang='lat' dir='ltr'><strong>subter-</strong></span> 
     </span>
    </p>
   </div>
   <div class='ocr_carea' id='block_1_75' title="bbox 220 4085 1819 4170">
    <p class='ocr_par' dir='ltr' id='par_1_75' title="bbox 220 4085 1819 4170">
     <span class='ocr_line' id='line_1_75' title="bbox 220 4085 1819 4170; baseline 0.009 -29"><span class='ocrx_word' id='word_1_513' title='bbox 220 4085 461 4160; x_wconf 83' lang='lat' dir='ltr'><strong>fugiens,</strong></span> <span class='ocrx_word' id='word_1_514' title='bbox 506 4089 708 4148; x_wconf 85' lang='lat' dir='ltr'><strong>furtive</strong></span> <span class='ocrx_word' id='word_1_515' title='bbox 752 4092 965 4148; x_wconf 87' lang='lat' dir='ltr'><strong>Italiam</strong></span> <span class='ocrx_word' id='word_1_516' title='bbox 987 4104 1178 4151; x_wconf 91' lang='lat' dir='ltr'><strong>contra</strong></span> <span class='ocrx_word' id='word_1_517' title='bbox 1210 4111 1365 4167; x_wconf 72' lang='lat' dir='ltr'><strong>papae</strong></span> <span class='ocrx_word' id='word_1_518' title='bbox 1399 4108 1730 4170; x_wconf 62' lang='lat' dir='ltr'><strong>praeceptum</strong></span> <span class='ocrx_word' id='word_1_519' title='bbox 1764 4110 1819 4156; x_wconf 88' lang='lat' dir='ltr'><strong>et</strong></span> 
     </span>
    </p>
   </div>
   <div class='ocr_carea' id='block_1_76' title="bbox 221 4175 1818 4261">
    <p class='ocr_par' dir='ltr' id='par_1_76' title="bbox 221 4175 1818 4261">
     <span class='ocr_line' id='line_1_76' title="bbox 221 4175 1818 4261; baseline 0.009 -28"><span class='ocrx_word' id='word_1_520' title='bbox 221 4182 461 4237; x_wconf 90' lang='lat' dir='ltr'><strong>concilia</strong></span> <span class='ocrx_word' id='word_1_521' title='bbox 508 4184 822 4256; x_wconf 89' lang='lat' dir='ltr'><strong>principum</strong></span> <span class='ocrx_word' id='word_1_522' title='bbox 854 4187 1099 4256; x_wconf 90' lang='lat' dir='ltr'><strong>intravit,</strong></span> <span class='ocrx_word' id='word_1_523' title='bbox 1148 4196 1203 4244; x_wconf 89' lang='lat' dir='ltr'><strong>et</strong></span> <span class='ocrx_word' id='word_1_524' title='bbox 1235 4191 1537 4261; x_wconf 89' lang='lat' dir='ltr'><strong>apostolico</strong></span> <span class='ocrx_word' id='word_1_525' title='bbox 1587 4175 1658 4248; x_wconf 85' lang='lat' dir='ltr'><strong>ad</strong></span> <span class='ocrx_word' id='word_1_526' title='bbox 1686 4208 1818 4248; x_wconf 89' lang='lat' dir='ltr'><strong>con-</strong></span> 
     </span>
    </p>
   </div>
   <div class='ocr_carea' id='block_1_77' title="bbox 221 4272 1819 4354">
    <p class='ocr_par' dir='ltr' id='par_1_77' title="bbox 221 4272 1819 4354">
     <span class='ocr_line' id='line_1_77' title="bbox 221 4272 1819 4354; baseline 0.009 -28"><span class='ocrx_word' id='word_1_527' title='bbox 221 4272 432 4329; x_wconf 90' lang='lat' dir='ltr'><strong>dictum</strong></span> <span class='ocrx_word' id='word_1_528' title='bbox 475 4276 620 4331; x_wconf 89' lang='lat' dir='ltr'><strong>diem</strong></span> <span class='ocrx_word' id='word_1_529' title='bbox 657 4277 963 4349; x_wconf 84' lang='lat' dir='ltr'><strong>Augustam</strong></span> <span class='ocrx_word' id='word_1_530' title='bbox 997 4281 1262 4349; x_wconf 89' lang='lat' dir='ltr'><strong>tendenti,</strong></span> <span class='ocrx_word' id='word_1_531' title='bbox 1311 4292 1438 4339; x_wconf 91' lang='lat' dir='ltr'><strong>ante</strong></span> <span class='ocrx_word' id='word_1_532' title='bbox 1482 4286 1819 4354; x_wconf 76' lang='lat' dir='ltr'><strong>purificatio-</strong></span> 
     </span>
    </p>
   </div>
   <div class='ocr_carea' id='block_1_78' title="bbox 220 4368 1815 4449">
    <p class='ocr_par' dir='ltr' id='par_1_78' title="bbox 220 4368 1815 4449">
     <span class='ocr_line' id='line_1_78' title="bbox 220 4368 1815 4449; baseline 0.01 -33"><span class='ocrx_word' id='word_1_533' title='bbox 220 4379 348 4419; x_wconf 85' lang='lat' dir='ltr'><strong>nem</strong></span> <span class='ocrx_word' id='word_1_534' title='bbox 404 4377 613 4424; x_wconf 67' lang='lat' dir='ltr'><strong>sanctaa</strong></span> <span class='ocrx_word' id='word_1_535' title='bbox 648 4368 833 4426; x_wconf 64' lang='lat' dir='ltr'><strong>Maria:</strong></span> <span class='ocrx_word' id='word_1_536' title='bbox 865 4370 1092 4428; x_wconf 90' lang='lat' dir='ltr'><strong>Canusii</strong></span> <span class='ocrx_word' id='word_1_537' title='bbox 1134 4373 1203 4406; x_wconf 73' lang='lat'><strong>&#39;”</strong></span> <span class='ocrx_word' id='word_1_538' title='bbox 1236 4374 1474 4430; x_wconf 89' lang='lat' dir='ltr'><strong>obviavit</strong></span> <span class='ocrx_word' id='word_1_539' title='bbox 1505 4376 1653 4449; x_wconf 83' lang='lat' dir='ltr'><strong>(Jan.</strong></span> <span class='ocrx_word' id='word_1_540' title='bbox 1701 4377 1815 4449; x_wconf 60' lang='lat' dir='ltr'><strong>Q8).</strong></span> 
     </span>
    </p>
   </div>
   <div class='ocr_carea' id='block_1_79' title="bbox 224 4455 1819 4532">
    <p class='ocr_par' dir='ltr' id='par_1_79' title="bbox 224 4455 1819 4532">
     <span class='ocr_line' id='line_1_79' title="bbox 224 4455 1819 4532; baseline 0.009 -21"><span class='ocrx_word' id='word_1_541' title='bbox 224 4455 326 4513; x_wconf 86' lang='lat' dir='ltr'><strong>Ubi</strong></span> <span class='ocrx_word' id='word_1_542' title='bbox 357 4468 412 4514; x_wconf 91' lang='lat' dir='ltr'><strong>et</strong></span> <span class='ocrx_word' id='word_1_543' title='bbox 448 4461 523 4516; x_wconf 89' lang='lat' dir='ltr'><strong>ab</strong></span> <span class='ocrx_word' id='word_1_544' title='bbox 560 4477 627 4518; x_wconf 89' lang='lat' dir='ltr'><strong>eo</strong></span> <span class='ocrx_word' id='word_1_545' title='bbox 657 4478 754 4532; x_wconf 89' lang='lat' dir='ltr'><strong>per</strong></span> <span class='ocrx_word' id='word_1_546' title='bbox 791 4463 1053 4521; x_wconf 71' lang='lat' dir='ltr'><strong>inaudita:</strong></span> <span class='ocrx_word' id='word_1_547' title='bbox 1081 4465 1481 4524; x_wconf 88' lang='lat' dir='ltr'><strong>bumiliationis</strong></span> <span class='ocrx_word' id='word_1_548' title='bbox 1511 4470 1819 4525; x_wconf 88' lang='lat' dir='ltr'><strong>simulatio-</strong></span> 
     </span>
    </p>
   </div>
   <div class='ocr_carea' id='block_1_80' title="bbox 220 4558 1822 4629">
    <p class='ocr_par' dir='ltr' id='par_1_80' title="bbox 220 4558 1822 4629">
     <span class='ocr_line' id='line_1_80' title="bbox 220 4558 1822 4629; baseline 0.01 -27"><span class='ocrx_word' id='word_1_549' title='bbox 220 4564 371 4618; x_wconf 85' lang='lat' dir='ltr'><strong>nem,</strong></span> <span class='ocrx_word' id='word_1_550' title='bbox 401 4560 704 4624; x_wconf 89' lang='lat' dir='ltr'><strong>utcumque</strong></span> <span class='ocrx_word' id='word_1_551' title='bbox 739 4558 937 4625; x_wconf 91' lang='lat' dir='ltr'><strong>potuit,</strong></span> <span class='ocrx_word' id='word_1_552' title='bbox 978 4572 1089 4612; x_wconf 90' lang='lat' dir='ltr'><strong>non</strong></span> <span class='ocrx_word' id='word_1_553' title='bbox 1126 4559 1303 4629; x_wconf 89' lang='lat' dir='ltr'><strong>regni,</strong></span> <span class='ocrx_word' id='word_1_554' title='bbox 1342 4569 1426 4615; x_wconf 91' lang='lat' dir='ltr'><strong>set</strong></span> <span class='ocrx_word' id='word_1_555' title='bbox 1475 4562 1822 4617; x_wconf 91' lang='lat' dir='ltr'><strong>communio-</strong></span> 
     </span>
    </p>
   </div>
   <div class='ocr_carea' id='block_1_81' title="bbox 223 4643 1822 4720">
    <p class='ocr_par' dir='ltr' id='par_1_81' title="bbox 223 4643 1822 4720">
     <span class='ocr_line' id='line_1_81' title="bbox 223 4643 1822 4720; baseline 0.008 -25"><span class='ocrx_word' id='word_1_556' title='bbox 223 4643 308 4700; x_wconf 89' lang='lat' dir='ltr'><strong>nis</strong></span> <span class='ocrx_word' id='word_1_557' title='bbox 336 4652 556 4700; x_wconf 90' lang='lat' dir='ltr'><strong>tantum</strong></span> <span class='ocrx_word' id='word_1_558' title='bbox 583 4648 1002 4705; x_wconf 89' lang='lat' dir='ltr'><strong>concessionem</strong></span> <span class='ocrx_word' id='word_1_559' title='bbox 1032 4649 1121 4704; x_wconf 84' lang='lat' dir='ltr'><strong>vix</strong></span> <span class='ocrx_word' id='word_1_560' title='bbox 1151 4650 1372 4706; x_wconf 90' lang='lat' dir='ltr'><strong>demum</strong></span> <span class='ocrx_word' id='word_1_561' title='bbox 1403 4653 1663 4720; x_wconf 82' lang='lat' dir='ltr'><strong>extorsit,</strong></span> <span class='ocrx_word' id='word_1_562' title='bbox 1694 4653 1822 4708; x_wconf 90' lang='lat' dir='ltr'><strong>dato</strong></span> 
     </span>
    </p>
   </div>
   <div class='ocr_carea' id='block_1_82' title="bbox 1836 3423 3498 3523">
    <p class='ocr_par' dir='ltr' id='par_1_82' title="bbox 1836 3423 3498 3523">
     <span class='ocr_line' id='line_1_82' title="bbox 1836 3423 3498 3523; baseline -0.003 -17"><span class='ocrx_word' id='word_1_563' title='bbox 1836 3423 1877 3480; x_wconf 62' lang='grc' dir='ltr'>ϐ</span> <span class='ocrx_word' id='word_1_564' title='bbox 1914 3460 1994 3506; x_wconf 92' lang='lat' dir='ltr'><strong>tot</strong></span> <span class='ocrx_word' id='word_1_565' title='bbox 2032 3451 2335 3523; x_wconf 71' lang='lat' dir='ltr'><strong>sacrilegiis</strong></span> <span class='ocrx_word' id='word_1_566' title='bbox 2369 3451 2669 3522; x_wconf 89' lang='lat' dir='ltr'><strong>promereri</strong></span> <span class='ocrx_word' id='word_1_567' title='bbox 2718 3465 2826 3504; x_wconf 90' lang='lat' dir='ltr'><strong>non</strong></span> <span class='ocrx_word' id='word_1_568' title='bbox 2857 3449 3057 3503; x_wconf 87' lang='lat' dir='ltr'><strong>timuit.</strong></span> <span class='ocrx_word' id='word_1_569' title='bbox 3101 3446 3388 3503; x_wconf 85' lang='lat' dir='ltr'><strong>Heinricus</strong></span> <span class='ocrx_word' id='word_1_570' title='bbox 3432 3446 3498 3477; x_wconf 66' lang='grc' dir='ltr'><strong>³ε⁹</strong></span> 
     </span>
    </p>
   </div>
   <div class='ocr_carea' id='block_1_83' title="bbox 1915 3542 3498 3616">
    <p class='ocr_par' dir='ltr' id='par_1_83' title="bbox 1915 3542 3498 3616">
     <span class='ocr_line' id='line_1_83' title="bbox 1915 3542 3498 3616; baseline -0.004 -18"><span class='ocrx_word' id='word_1_571' title='bbox 1915 3545 2102 3600; x_wconf 88' lang='lat' dir='ltr'><strong>audita</strong></span> <span class='ocrx_word' id='word_1_572' title='bbox 2135 3545 2482 3616; x_wconf 89' lang='lat' dir='ltr'><strong>promotione</strong></span> <span class='ocrx_word' id='word_1_573' title='bbox 2507 3542 2780 3609; x_wconf 79' lang='lat' dir='ltr'><strong>Roudolli,</strong></span> <span class='ocrx_word' id='word_1_574' title='bbox 2806 3542 3070 3596; x_wconf 81' lang='lat' dir='ltr'><strong>auxilium</strong></span> <span class='ocrx_word' id='word_1_575' title='bbox 3109 3556 3262 3610; x_wconf 65' lang='lat' dir='ltr'><strong>papae</strong></span> <span class='ocrx_word' id='word_1_576' title='bbox 3309 3546 3498 3594; x_wconf 88' lang='lat' dir='ltr'><strong>contra</strong></span> 
     </span>
    </p>
   </div>
   <div class='ocr_carea' id='block_1_84' title="bbox 1916 3629 3503 3707">
    <p class='ocr_par' dir='ltr' id='par_1_84' title="bbox 1916 3629 3503 3707">
     <span class='ocr_line' id='line_1_84' title="bbox 1916 3629 3503 3707; baseline -0.006 -16"><span class='ocrx_word' id='word_1_577' title='bbox 1916 3636 2071 3691; x_wconf 90' lang='lat' dir='ltr'><strong>illum</strong></span> <span class='ocrx_word' id='word_1_578' title='bbox 2103 3636 2436 3707; x_wconf 89' lang='lat' dir='ltr'><strong>imploravit,</strong></span> <span class='ocrx_word' id='word_1_579' title='bbox 2463 3636 2589 3691; x_wconf 87' lang='lat' dir='ltr'><strong>licet</strong></span> <span class='ocrx_word' id='word_1_580' title='bbox 2633 3635 3005 3705; x_wconf 86' lang='lat' dir='ltr'><strong>supradictum</strong></span> <span class='ocrx_word' id='word_1_581' title='bbox 3047 3631 3353 3687; x_wconf 80' lang='lat' dir='ltr'><strong>Ostiensem</strong></span> <span class='ocrx_word' id='word_1_582' title='bbox 3388 3629 3503 3699; x_wconf 90' lang='lat' dir='ltr'><strong>epi-</strong></span> 
     </span>
    </p>
   </div>
   <div class='ocr_carea' id='block_1_85' title="bbox 1917 3720 3504 3800">
    <p class='ocr_par' dir='ltr' id='par_1_85' title="bbox 1917 3720 3504 3800">
     <span class='ocr_line' id='line_1_85' title="bbox 1917 3720 3504 3800; baseline -0.005 -16"><span class='ocrx_word' id='word_1_583' title='bbox 1917 3744 2143 3800; x_wconf 90' lang='lat' dir='ltr'><strong>scopum</strong></span> <span class='ocrx_word' id='word_1_584' title='bbox 2188 3728 2245 3783; x_wconf 91' lang='lat' dir='ltr'><strong>in</strong></span> <span class='ocrx_word' id='word_1_585' title='bbox 2280 3728 2532 3798; x_wconf 88' lang='lat' dir='ltr'><strong>captione</strong></span> <span class='ocrx_word' id='word_1_586' title='bbox 2558 3728 2736 3782; x_wconf 84' lang='lat' dir='ltr'><strong>adhuc</strong></span> <span class='ocrx_word' id='word_1_587' title='bbox 2773 3727 2944 3781; x_wconf 87' lang='lat' dir='ltr'><strong>teneri</strong></span> <span class='ocrx_word' id='word_1_588' title='bbox 2990 3722 3314 3796; x_wconf 88' lang='lat' dir='ltr'><strong>permiserit.</strong></span> <span class='ocrx_word' id='word_1_589' title='bbox 3350 3720 3504 3777; x_wconf 77' lang='lat' dir='ltr'><strong>Unde</strong></span> 
     </span>
    </p>
   </div>
   <div class='ocr_carea' id='block_1_86' title="bbox 1916 3814 3506 3892">
    <p class='ocr_par' dir='ltr' id='par_1_86' title="bbox 1916 3814 3506 3892">
     <span class='ocr_line' id='line_1_86' title="bbox 1916 3814 3506 3892; baseline -0.007 -14"><span class='ocrx_word' id='word_1_590' title='bbox 1916 3831 1971 3878; x_wconf 88' lang='lat' dir='ltr'><strong>et</strong></span> <span class='ocrx_word' id='word_1_591' title='bbox 1998 3835 2136 3892; x_wconf 87' lang='lat' dir='ltr'><strong>papa</strong></span> <span class='ocrx_word' id='word_1_592' title='bbox 2168 3821 2244 3875; x_wconf 86' lang='lat' dir='ltr'><strong>illi</strong></span> <span class='ocrx_word' id='word_1_593' title='bbox 2270 3820 2571 3891; x_wconf 87' lang='lat' dir='ltr'><strong>respondit,</strong></span> <span class='ocrx_word' id='word_1_594' title='bbox 2608 3836 2665 3875; x_wconf 90' lang='lat' dir='ltr'><strong>se</strong></span> <span class='ocrx_word' id='word_1_595' title='bbox 2709 3835 2819 3873; x_wconf 90' lang='lat' dir='ltr'><strong>non</strong></span> <span class='ocrx_word' id='word_1_596' title='bbox 2863 3834 3023 3888; x_wconf 83' lang='lat' dir='ltr'><strong>posse</strong></span> <span class='ocrx_word' id='word_1_597' title='bbox 3046 3818 3165 3887; x_wconf 84' lang='lat' dir='ltr'><strong>ejus</strong></span> <span class='ocrx_word' id='word_1_598' title='bbox 3198 3814 3506 3885; x_wconf 76' lang='lat' dir='ltr'><strong>interpella-</strong></span> 
     </span>
    </p>
   </div>
   <div class='ocr_carea' id='block_1_87' title="bbox 1915 3907 3508 3983">
    <p class='ocr_par' dir='ltr' id='par_1_87' title="bbox 1915 3907 3508 3983">
     <span class='ocr_line' id='line_1_87' title="bbox 1915 3907 3508 3983; baseline -0.004 -14"><span class='ocrx_word' id='word_1_599' title='bbox 1915 3914 2053 3969; x_wconf 91' lang='lat' dir='ltr'><strong>tioni</strong></span> <span class='ocrx_word' id='word_1_600' title='bbox 2095 3912 2434 3980; x_wconf 88' lang='lat' dir='ltr'><strong>satisfacere,</strong></span> <span class='ocrx_word' id='word_1_601' title='bbox 2465 3913 2727 3983; x_wconf 91' lang='lat' dir='ltr'><strong>quamdiu</strong></span> <span class='ocrx_word' id='word_1_602' title='bbox 2777 3913 2920 3982; x_wconf 89' lang='lat' dir='ltr'><strong>apud</strong></span> <span class='ocrx_word' id='word_1_603' title='bbox 2952 3912 3104 3965; x_wconf 91' lang='lat' dir='ltr'><strong>illum</strong></span> <span class='ocrx_word' id='word_1_604' title='bbox 3151 3919 3376 3966; x_wconf 83' lang='lat' dir='ltr'><strong>sanctus</strong></span> <span class='ocrx_word' id='word_1_605' title='bbox 3406 3907 3508 3963; x_wconf 83' lang='lat' dir='ltr'><strong>Pc—</strong></span> 
     </span>
    </p>
   </div>
   <div class='ocr_carea' id='block_1_88' title="bbox 1918 4000 3509 4077">
    <p class='ocr_par' dir='ltr' id='par_1_88' title="bbox 1918 4000 3509 4077">
     <span class='ocr_line' id='line_1_88' title="bbox 1918 4000 3509 4077; baseline -0.006 -16"><span class='ocrx_word' id='word_1_606' title='bbox 1918 4015 2037 4061; x_wconf 93' lang='lat' dir='ltr'><strong>trus</strong></span> <span class='ocrx_word' id='word_1_607' title='bbox 2080 4006 2134 4060; x_wconf 91' lang='lat' dir='ltr'><strong>in</strong></span> <span class='ocrx_word' id='word_1_608' title='bbox 2181 4006 2360 4077; x_wconf 88' lang='lat' dir='ltr'><strong>legato</strong></span> <span class='ocrx_word' id='word_1_609' title='bbox 2394 4020 2495 4060; x_wconf 89' lang='lat' dir='ltr'><strong>suo</strong></span> <span class='ocrx_word' id='word_1_610' title='bbox 2530 4004 2728 4075; x_wconf 88' lang='lat' dir='ltr'><strong>ligatus</strong></span> <span class='ocrx_word' id='word_1_611' title='bbox 2760 4004 2828 4035; x_wconf 69' lang='grc'>³¹⁵⁰</span> <span class='ocrx_word' id='word_1_612' title='bbox 2874 4011 3167 4057; x_wconf 89' lang='lat' dir='ltr'><strong>teneretur.</strong></span> <span class='ocrx_word' id='word_1_613' title='bbox 3223 4000 3509 4055; x_wconf 84' lang='lat' dir='ltr'><strong>Frustrata</strong></span> 
     </span>
    </p>
   </div>
   <div class='ocr_carea' id='block_1_89' title="bbox 1918 4091 3509 4168">
    <p class='ocr_par' dir='ltr' id='par_1_89' title="bbox 1918 4091 3509 4168">
     <span class='ocr_line' id='line_1_89' title="bbox 1918 4091 3509 4168; baseline -0.006 -16"><span class='ocrx_word' id='word_1_614' title='bbox 1918 4096 2085 4168; x_wconf 87' lang='lat' dir='ltr'><strong>igitur</strong></span> <span class='ocrx_word' id='word_1_615' title='bbox 2103 4095 2500 4167; x_wconf 89' lang='lat' dir='ltr'><strong>supplicatione</strong></span> <span class='ocrx_word' id='word_1_616' title='bbox 2524 4111 2643 4160; x_wconf 87' lang='lat' dir='ltr'><strong>sua,</strong></span> <span class='ocrx_word' id='word_1_617' title='bbox 2674 4094 2917 4149; x_wconf 90' lang='lat' dir='ltr'><strong>animum</strong></span> <span class='ocrx_word' id='word_1_618' title='bbox 2942 4092 2996 4146; x_wconf 93' lang='lat' dir='ltr'><strong>in</strong></span> <span class='ocrx_word' id='word_1_619' title='bbox 3022 4091 3347 4146; x_wconf 88' lang='lat' dir='ltr'><strong>tirannidcm</strong></span> <span class='ocrx_word' id='word_1_620' title='bbox 3375 4106 3509 4145; x_wconf 90' lang='lat' dir='ltr'><strong>con-</strong></span> 
     </span>
    </p>
   </div>
   <div class='ocr_carea' id='block_1_90' title="bbox 1917 4180 3509 4260">
    <p class='ocr_par' dir='ltr' id='par_1_90' title="bbox 1917 4180 3509 4260">
     <span class='ocr_line' id='line_1_90' title="bbox 1917 4180 3509 4260; baseline -0.006 -16"><span class='ocrx_word' id='word_1_621' title='bbox 1917 4190 2101 4257; x_wconf 87' lang='lat' dir='ltr'><strong>vertit,</strong></span> <span class='ocrx_word' id='word_1_622' title='bbox 2125 4205 2228 4245; x_wconf 88' lang='lat' dir='ltr'><strong>nec</strong></span> <span class='ocrx_word' id='word_1_623' title='bbox 2271 4204 2498 4260; x_wconf 86' lang='lat' dir='ltr'><strong>regnum</strong></span> <span class='ocrx_word' id='word_1_624' title='bbox 2542 4187 2657 4258; x_wconf 86' lang='lat' dir='ltr'><strong>jam</strong></span> <span class='ocrx_word' id='word_1_625' title='bbox 2693 4202 2789 4257; x_wconf 92' lang='lat' dir='ltr'><strong>per</strong></span> <span class='ocrx_word' id='word_1_626' title='bbox 2826 4183 3131 4257; x_wconf 85' lang='lat' dir='ltr'><strong>justiciam,</strong></span> <span class='ocrx_word' id='word_1_627' title='bbox 3160 4192 3241 4237; x_wconf 86' lang='lat' dir='ltr'><strong>set</strong></span> <span class='ocrx_word' id='word_1_628' title='bbox 3266 4197 3362 4252; x_wconf 90' lang='lat' dir='ltr'><strong>per</strong></span> <span class='ocrx_word' id='word_1_629' title='bbox 3390 4180 3509 4235; x_wconf 89' lang='lat' dir='ltr'><strong>vio-</strong></span> 
     </span>
    </p>
   </div>
   <div class='ocr_carea' id='block_1_91' title="bbox 1920 4272 3510 4352">
    <p class='ocr_par' dir='ltr' id='par_1_91' title="bbox 1920 4272 3510 4352">
     <span class='ocr_line' id='line_1_91' title="bbox 1920 4272 3510 4352; baseline -0.005 -16"><span class='ocrx_word' id='word_1_630' title='bbox 1920 4283 2141 4339; x_wconf 88' lang='lat' dir='ltr'><strong>lentiam</strong></span> <span class='ocrx_word' id='word_1_631' title='bbox 2175 4283 2425 4339; x_wconf 87' lang='lat' dir='ltr'><strong>obtinere</strong></span> <span class='ocrx_word' id='word_1_632' title='bbox 2471 4280 2750 4352; x_wconf 88' lang='lat' dir='ltr'><strong>cogitavit.</strong></span> <span class='ocrx_word' id='word_1_633' title='bbox 2808 4277 2924 4332; x_wconf 83' lang='lat' dir='ltr'><strong>Rex</strong></span> <span class='ocrx_word' id='word_1_634' title='bbox 2972 4284 3153 4331; x_wconf 87' lang='lat' dir='ltr'><strong>autem</strong></span> <span class='ocrx_word' id='word_1_635' title='bbox 3203 4272 3510 4335; x_wconf 85' lang='lat' dir='ltr'><strong>Roudolfus</strong></span> 
     </span>
    </p>
   </div>
   <div class='ocr_carea' id='block_1_92' title="bbox 1921 4368 3511 4449">
    <p class='ocr_par' dir='ltr' id='par_1_92' title="bbox 1921 4368 3511 4449">
     <span class='ocr_line' id='line_1_92' title="bbox 1921 4368 3511 4449; baseline -0.008 -17"><span class='ocrx_word' id='word_1_636' title='bbox 1921 4378 2067 4449; x_wconf 87' lang='lat' dir='ltr'><strong>apud</strong></span> <span class='ocrx_word' id='word_1_637' title='bbox 2114 4378 2414 4447; x_wconf 86' lang='lat' dir='ltr'><strong>Augustam</strong></span> <span class='ocrx_word' id='word_1_638' title='bbox 2468 4372 2930 4446; x_wconf 85' lang='lat' dir='ltr'><strong>gloriosissimum</strong></span> <span class='ocrx_word' id='word_1_639' title='bbox 2966 4370 3171 4441; x_wconf 89' lang='lat' dir='ltr'><strong>pascha</strong></span> <span class='ocrx_word' id='word_1_640' title='bbox 3213 4368 3511 4423; x_wconf 88' lang='lat' dir='ltr'><strong>celebravit</strong></span> 
     </span>
    </p>
   </div>
   <div class='ocr_carea' id='block_1_93' title="bbox 1923 4458 3511 4539">
    <p class='ocr_par' dir='ltr' id='par_1_93' title="bbox 1923 4458 3511 4539">
     <span class='ocr_line' id='line_1_93' title="bbox 1923 4458 3511 4539; baseline -0.004 -19"><span class='ocrx_word' id='word_1_641' title='bbox 1923 4467 2075 4539; x_wconf 84' lang='lat' dir='ltr'><strong>(Apr.</strong></span> <span class='ocrx_word' id='word_1_642' title='bbox 2127 4466 2214 4535; x_wconf 85' lang='grc'><strong>16)</strong></span> <span class='ocrx_word' id='word_1_643' title='bbox 2243 4482 2369 4522; x_wconf 86' lang='lat' dir='ltr'><strong>cum</strong></span> <span class='ocrx_word' id='word_1_644' title='bbox 2394 4465 2588 4538; x_wconf 89' lang='lat' dir='ltr'><strong>legatis</strong></span> <span class='ocrx_word' id='word_1_645' title='bbox 2633 4463 2947 4535; x_wconf 59' lang='lat' dir='ltr'><strong>apostolicae</strong></span> <span class='ocrx_word' id='word_1_646' title='bbox 2974 4461 3139 4517; x_wconf 90' lang='lat' dir='ltr'><strong>sedis.</strong></span> <span class='ocrx_word' id='word_1_647' title='bbox 3185 4458 3263 4513; x_wconf 84' lang='lat' dir='ltr'><strong>Ex</strong></span> <span class='ocrx_word' id='word_1_648' title='bbox 3309 4459 3511 4529; x_wconf 89' lang='lat' dir='ltr'><strong>quibus</strong></span> 
     </span>
    </p>
   </div>
   <div class='ocr_carea' id='block_1_94' title="bbox 1923 4550 3511 4631">
    <p class='ocr_par' dir='ltr' id='par_1_94' title="bbox 1923 4550 3511 4631">
     <span class='ocr_line' id='line_1_94' title="bbox 1923 4550 3511 4631; baseline -0.005 -18"><span class='ocrx_word' id='word_1_649' title='bbox 1923 4576 2088 4626; x_wconf 88' lang='lat' dir='ltr'><strong>unus,</strong></span> <span class='ocrx_word' id='word_1_650' title='bbox 2114 4557 2564 4631; x_wconf 87' lang='lat' dir='ltr'><strong>religiosissimus</strong></span> <span class='ocrx_word' id='word_1_651' title='bbox 2594 4557 2803 4611; x_wconf 83' lang='lat' dir='ltr'><strong>scilicet</strong></span> <span class='ocrx_word' id='word_1_652' title='bbox 2838 4555 3008 4610; x_wconf 86' lang='lat' dir='ltr'><strong>abbas</strong></span> <span class='ocrx_word' id='word_1_653' title='bbox 3030 4552 3363 4617; x_wconf 73' lang='lat' dir='ltr'><strong>Bernartius,</strong></span> <span class='ocrx_word' id='word_1_654' title='bbox 3396 4550 3511 4606; x_wconf 83' lang='lat' dir='ltr'><strong>Ro-</strong></span> 
     </span>
    </p>
   </div>
   <div class='ocr_carea' id='block_1_95' title="bbox 1924 4641 3515 4722">
    <p class='ocr_par' dir='ltr' id='par_1_95' title="bbox 1924 4641 3515 4722">
     <span class='ocr_line' id='line_1_95' title="bbox 1924 4641 3515 4722; baseline -0.006 -15"><span class='ocrx_word' id='word_1_655' title='bbox 1924 4668 2072 4707; x_wconf 89' lang='lat' dir='ltr'><strong>mam</strong></span> <span class='ocrx_word' id='word_1_656' title='bbox 2098 4650 2353 4722; x_wconf 86' lang='lat' dir='ltr'><strong>dirigitur</strong></span> <span class='ocrx_word' id='word_1_657' title='bbox 2377 4658 2459 4705; x_wconf 88' lang='lat' dir='ltr'><strong>set</strong></span> <span class='ocrx_word' id='word_1_658' title='bbox 2483 4650 2550 4704; x_wconf 89' lang='lat' dir='ltr'><strong>ab</strong></span> <span class='ocrx_word' id='word_1_659' title='bbox 2577 4646 2870 4703; x_wconf 82' lang='lat' dir='ltr'><strong>Oudalrico</strong></span> <span class='ocrx_word' id='word_1_660' title='bbox 2892 4645 3093 4700; x_wconf 88' lang='lat' dir='ltr'><strong>comite</strong></span> <span class='ocrx_word' id='word_1_661' title='bbox 3117 4643 3324 4715; x_wconf 88' lang='grc'><strong>(1506),</strong></span> <span class='ocrx_word' id='word_1_662' title='bbox 3354 4641 3515 4697; x_wconf 86' lang='lat' dir='ltr'><strong>llein-</strong></span> 
     </span>
    </p>
   </div>
   <div class='ocr_carea' id='block_1_96' title="bbox 223 4736 3515 4834">
    <p class='ocr_par' dir='ltr' id='par_1_96' title="bbox 223 4736 3515 4834">
     <span class='ocr_line' id='line_1_96' title="bbox 223 4736 3515 4834; baseline 0.001 -46"><span class='ocrx_word' id='word_1_663' title='bbox 223 4743 407 4793; x_wconf 90' lang='lat' dir='ltr'><strong>tamen</strong></span> <span class='ocrx_word' id='word_1_664' title='bbox 455 4738 615 4807; x_wconf 89' lang='lat' dir='ltr'><strong>prius</strong></span> <span class='ocrx_word' id='word_1_665' title='bbox 658 4749 1024 4807; x_wconf 91' lang='lat' dir='ltr'><strong>sacramento,</strong></span> <span class='ocrx_word' id='word_1_666' title='bbox 1057 4750 1119 4797; x_wconf 93' lang='lat' dir='ltr'><strong>ut</strong></span> <span class='ocrx_word' id='word_1_667' title='bbox 1141 4743 1208 4797; x_wconf 90' lang='lat' dir='ltr'><strong>de</strong></span> <span class='ocrx_word' id='word_1_668' title='bbox 1238 4743 1470 4813; x_wconf 87' lang='lat' dir='ltr'><strong>objectis</strong></span> <span class='ocrx_word' id='word_1_669' title='bbox 1498 4745 1822 4800; x_wconf 88' lang='lat' dir='ltr'><strong>criminibus</strong></span> <span class='ocrx_word' id='word_1_670' title='bbox 1854 4779 1898 4834; x_wconf 68' lang='grc' dir='ltr'><strong>Β</strong></span> <span class='ocrx_word' id='word_1_671' title='bbox 1926 4745 2025 4800; x_wconf 90' lang='lat' dir='ltr'><strong>rici</strong></span> <span class='ocrx_word' id='word_1_672' title='bbox 2061 4743 2347 4813; x_wconf 85' lang='lat' dir='ltr'><strong>complice,</strong></span> <span class='ocrx_word' id='word_1_673' title='bbox 2392 4752 2586 4812; x_wconf 89' lang='lat' dir='ltr'><strong>captus</strong></span> <span class='ocrx_word' id='word_1_674' title='bbox 2607 4749 2661 4796; x_wconf 89' lang='lat' dir='ltr'><strong>et</strong></span> <span class='ocrx_word' id='word_1_675' title='bbox 2699 4740 2995 4812; x_wconf 66' lang='lat' dir='ltr'><strong>praedatus,</strong></span> <span class='ocrx_word' id='word_1_676' title='bbox 3029 4752 3232 4793; x_wconf 84' lang='lat' dir='ltr'><strong>annum</strong></span> <span class='ocrx_word' id='word_1_677' title='bbox 3259 4752 3397 4806; x_wconf 87' lang='lat' dir='ltr'><strong>pene</strong></span> <span class='ocrx_word' id='word_1_678' title='bbox 3427 4736 3515 4791; x_wconf 82' lang='lat' dir='ltr'><strong>di-</strong></span> 
     </span>
    </p>
   </div>
   <div class='ocr_carea' id='block_1_97' title="bbox 220 4826 1817 4907">
    <p class='ocr_par' dir='ltr' id='par_1_97' title="bbox 220 4826 1817 4907">
     <span class='ocr_line' id='line_1_97' title="bbox 220 4826 1817 4907; baseline 0.007 -27"><span class='ocrx_word' id='word_1_679' title='bbox 220 4826 289 4881; x_wconf 81' lang='lat' dir='ltr'><strong>ad</strong></span> <span class='ocrx_word' id='word_1_680' title='bbox 321 4828 598 4898; x_wconf 91' lang='lat' dir='ltr'><strong>judicium</strong></span> <span class='ocrx_word' id='word_1_681' title='bbox 629 4846 782 4902; x_wconf 64' lang='lat' dir='ltr'><strong>papm</strong></span> <span class='ocrx_word' id='word_1_682' title='bbox 819 4831 1182 4897; x_wconf 83' lang='lat' dir='ltr'><strong>satisfaceret,</strong></span> <span class='ocrx_word' id='word_1_683' title='bbox 1218 4850 1316 4890; x_wconf 90' lang='lat' dir='ltr'><strong>nec</strong></span> <span class='ocrx_word' id='word_1_684' title='bbox 1348 4851 1501 4907; x_wconf 65' lang='lat' dir='ltr'><strong>papas</strong></span> <span class='ocrx_word' id='word_1_685' title='bbox 1533 4838 1619 4892; x_wconf 89' lang='lat' dir='ltr'><strong>vel</strong></span> <span class='ocrx_word' id='word_1_686' title='bbox 1652 4837 1817 4892; x_wconf 88' lang='lat' dir='ltr'><strong>alicui</strong></span> 
     </span>
    </p>
   </div>
   <div class='ocr_carea' id='block_1_98' title="bbox 222 4918 1815 4999">
    <p class='ocr_par' dir='ltr' id='par_1_98' title="bbox 222 4918 1815 4999">
     <span class='ocr_line' id='line_1_98' title="bbox 222 4918 1815 4999; baseline 0.008 -26"><span class='ocrx_word' id='word_1_687' title='bbox 222 4918 341 4989; x_wconf 80' lang='lat' dir='ltr'><strong>ejus</strong></span> <span class='ocrx_word' id='word_1_688' title='bbox 368 4921 519 4976; x_wconf 83' lang='lat' dir='ltr'><strong>ﬁdeli</strong></span> <span class='ocrx_word' id='word_1_689' title='bbox 549 4939 783 4994; x_wconf 90' lang='lat' dir='ltr'><strong>usquam</strong></span> <span class='ocrx_word' id='word_1_690' title='bbox 826 4925 977 4981; x_wconf 89' lang='lat' dir='ltr'><strong>eunti</strong></span> <span class='ocrx_word' id='word_1_691' title='bbox 1018 4926 1103 4981; x_wconf 89' lang='lat' dir='ltr'><strong>vel</strong></span> <span class='ocrx_word' id='word_1_692' title='bbox 1137 4926 1385 4982; x_wconf 89' lang='lat' dir='ltr'><strong>redeunti</strong></span> <span class='ocrx_word' id='word_1_693' title='bbox 1428 4928 1668 4999; x_wconf 87' lang='lat' dir='ltr'><strong>aliquam</strong></span> <span class='ocrx_word' id='word_1_694' title='bbox 1694 4944 1815 4984; x_wconf 89' lang='lat' dir='ltr'><strong>mo-</strong></span> 
     </span>
    </p>
   </div>
   <div class='ocr_carea' id='block_1_99' title="bbox 221 5009 1815 5091">
    <p class='ocr_par' dir='ltr' id='par_1_99' title="bbox 221 5009 1815 5091">
     <span class='ocr_line' id='line_1_99' title="bbox 221 5009 1815 5091; baseline 0.006 -27"><span class='ocrx_word' id='word_1_695' title='bbox 221 5009 439 5068; x_wconf 88' lang='lat' dir='ltr'><strong>lestiam</strong></span> <span class='ocrx_word' id='word_1_696' title='bbox 486 5013 678 5069; x_wconf 88' lang='lat' dir='ltr'><strong>inferri</strong></span> <span class='ocrx_word' id='word_1_697' title='bbox 713 5017 1068 5074; x_wconf 85' lang='lat' dir='ltr'><strong>consentiret.</strong></span> <span class='ocrx_word' id='word_1_698' title='bbox 1093 5016 1206 5073; x_wconf 81' lang='lat' dir='ltr'><strong>Hoc</strong></span> <span class='ocrx_word' id='word_1_699' title='bbox 1231 5029 1415 5075; x_wconf 89' lang='lat' dir='ltr'><strong>autem</strong></span> <span class='ocrx_word' id='word_1_700' title='bbox 1436 5021 1815 5091; x_wconf 90' lang='lat' dir='ltr'><strong>juramentum</strong></span> 
     </span>
    </p>
   </div>
   <div class='ocr_carea' id='block_1_100' title="bbox 224 5105 1818 5180">
    <p class='ocr_par' dir='ltr' id='par_1_100' title="bbox 224 5105 1818 5180">
     <span class='ocr_line' id='line_1_100' title="bbox 224 5105 1818 5180; baseline 0.003 -22"><span class='ocrx_word' id='word_1_701' title='bbox 224 5119 326 5160; x_wconf 87' lang='lat' dir='ltr'><strong>nec</strong></span> <span class='ocrx_word' id='word_1_702' title='bbox 358 5105 426 5160; x_wconf 82' lang='grc'><strong>15</strong></span> <span class='ocrx_word' id='word_1_703' title='bbox 461 5106 581 5161; x_wconf 87' lang='lat' dir='ltr'><strong>dies</strong></span> <span class='ocrx_word' id='word_1_704' title='bbox 610 5108 940 5176; x_wconf 88' lang='lat' dir='ltr'><strong>observavit,</strong></span> <span class='ocrx_word' id='word_1_705' title='bbox 971 5110 1146 5179; x_wconf 91' lang='lat' dir='ltr'><strong>captis</strong></span> <span class='ocrx_word' id='word_1_706' title='bbox 1177 5113 1584 5167; x_wconf 88' lang='lat' dir='ltr'><strong>venerabilibus</strong></span> <span class='ocrx_word' id='word_1_707' title='bbox 1606 5113 1676 5145; x_wconf 82' lang='grc'><strong>³³⁸</strong></span> <span class='ocrx_word' id='word_1_708' title='bbox 1702 5109 1818 5180; x_wconf 90' lang='lat' dir='ltr'><strong>epi-</strong></span> 
     </span>
    </p>
   </div>
   <div class='ocr_carea' id='block_1_101' title="bbox 226 5196 1811 5268">
    <p class='ocr_par' dir='ltr' id='par_1_101' title="bbox 226 5196 1811 5268">
     <span class='ocr_line' id='line_1_101' title="bbox 226 5196 1811 5268; baseline 0.002 -18"><span class='ocrx_word' id='word_1_709' title='bbox 226 5197 429 5267; x_wconf 87' lang='lat' dir='ltr'><strong>scopis,</strong></span> <span class='ocrx_word' id='word_1_710' title='bbox 483 5196 717 5255; x_wconf 88' lang='lat' dir='ltr'><strong>Geraldo</strong></span> <span class='ocrx_word' id='word_1_711' title='bbox 761 5201 1001 5261; x_wconf 87' lang='lat' dir='ltr'><strong>Ostiensi</strong></span> <span class='ocrx_word' id='word_1_712' title='bbox 1043 5201 1135 5268; x_wconf 62' lang='lat'><strong>&#39;3‘,</strong></span> <span class='ocrx_word' id='word_1_713' title='bbox 1168 5209 1219 5256; x_wconf 89' lang='lat' dir='ltr'><strong>et</strong></span> <span class='ocrx_word' id='word_1_714' title='bbox 1238 5200 1501 5259; x_wconf 86' lang='lat' dir='ltr'><strong>Anselmo</strong></span> <span class='ocrx_word' id='word_1_715' title='bbox 1555 5202 1811 5259; x_wconf 90' lang='lat' dir='ltr'><strong>Luccnsi.</strong></span> 
     </span>
    </p>
   </div>
   <div class='ocr_carea' id='block_1_102' title="bbox 1925 4830 3521 4904">
    <p class='ocr_par' dir='ltr' id='par_1_102' title="bbox 1925 4830 3521 4904">
     <span class='ocr_line' id='line_1_102' title="bbox 1925 4830 3521 4904; baseline -0.003 -13"><span class='ocrx_word' id='word_1_716' title='bbox 1925 4835 2176 4892; x_wconf 82' lang='lat' dir='ltr'><strong>midiavit</strong></span> <span class='ocrx_word' id='word_1_717' title='bbox 2202 4836 2256 4889; x_wconf 92' lang='lat' dir='ltr'><strong>in</strong></span> <span class='ocrx_word' id='word_1_718' title='bbox 2295 4834 2630 4904; x_wconf 89' lang='lat' dir='ltr'><strong>captivitate,</strong></span> <span class='ocrx_word' id='word_1_719' title='bbox 2668 4850 2829 4904; x_wconf 89' lang='lat' dir='ltr'><strong>quem</strong></span> <span class='ocrx_word' id='word_1_720' title='bbox 2853 4830 3233 4887; x_wconf 86' lang='lat' dir='ltr'><strong>Cluniacensis</strong></span> <span class='ocrx_word' id='word_1_721' title='bbox 3254 4830 3426 4885; x_wconf 87' lang='lat' dir='ltr'><strong>abbas</strong></span> <span class='ocrx_word' id='word_1_722' title='bbox 3451 4832 3521 4886; x_wconf 90' lang='lat' dir='ltr'><strong>de</strong></span> 
     </span>
    </p>
   </div>
   <div class='ocr_carea' id='block_1_103' title="bbox 1928 4922 3522 4995">
    <p class='ocr_par' dir='ltr' id='par_1_103' title="bbox 1928 4922 3522 4995">
     <span class='ocr_line' id='line_1_103' title="bbox 1928 4922 3522 4995; baseline -0.003 -11"><span class='ocrx_word' id='word_1_723' title='bbox 1928 4929 2183 4984; x_wconf 90' lang='lat' dir='ltr'><strong>manibus</strong></span> <span class='ocrx_word' id='word_1_724' title='bbox 2218 4926 2458 4982; x_wconf 88' lang='lat' dir='ltr'><strong>Heinrici</strong></span> <span class='ocrx_word' id='word_1_725' title='bbox 2482 4929 2574 4982; x_wconf 79' lang='lat' dir='ltr'><strong>vix</strong></span> <span class='ocrx_word' id='word_1_726' title='bbox 2598 4926 2815 4981; x_wconf 89' lang='lat' dir='ltr'><strong>demum</strong></span> <span class='ocrx_word' id='word_1_727' title='bbox 2839 4925 3060 4995; x_wconf 90' lang='lat' dir='ltr'><strong>eripuit.</strong></span> <span class='ocrx_word' id='word_1_728' title='bbox 3096 4922 3210 4978; x_wconf 73' lang='lat' dir='ltr'><strong>Rex</strong></span> <span class='ocrx_word' id='word_1_729' title='bbox 3242 4923 3306 4955; x_wconf 59' lang='lat'><strong>3“</strong></span> <span class='ocrx_word' id='word_1_730' title='bbox 3335 4934 3522 4980; x_wconf 88' lang='lat' dir='ltr'><strong>autem</strong></span> 
     </span>
    </p>
   </div>
   <div class='ocr_carea' id='block_1_104' title="bbox 1926 5012 3526 5092">
    <p class='ocr_par' dir='ltr' id='par_1_104' title="bbox 1926 5012 3526 5092">
     <span class='ocr_line' id='line_1_104' title="bbox 1926 5012 3526 5092; baseline -0.003 -16"><span class='ocrx_word' id='word_1_731' title='bbox 1926 5031 2049 5092; x_wconf 90' lang='lat' dir='ltr'><strong>post</strong></span> <span class='ocrx_word' id='word_1_732' title='bbox 2096 5020 2300 5091; x_wconf 85' lang='lat' dir='ltr'><strong>pascha</strong></span> <span class='ocrx_word' id='word_1_733' title='bbox 2335 5019 2591 5088; x_wconf 88' lang='lat' dir='ltr'><strong>generale</strong></span> <span class='ocrx_word' id='word_1_734' title='bbox 2636 5017 2973 5088; x_wconf 90' lang='lat' dir='ltr'><strong>colloquium</strong></span> <span class='ocrx_word' id='word_1_735' title='bbox 3016 5015 3157 5087; x_wconf 86' lang='lat' dir='ltr'><strong>apud</strong></span> <span class='ocrx_word' id='word_1_736' title='bbox 3206 5012 3526 5089; x_wconf 84' lang='lat' dir='ltr'><strong>Ezzelingin</strong></span> 
     </span>
    </p>
   </div>
   <div class='ocr_carea' id='block_1_105' title="bbox 1927 5090 3539 5186">
    <p class='ocr_par' dir='ltr' id='par_1_105' title="bbox 1927 5090 3539 5186">
     <span class='ocr_line' id='line_1_105' title="bbox 1927 5090 3539 5186; baseline -0.004 -15"><span class='ocrx_word' id='word_1_737' title='bbox 1927 5090 2049 5171; x_wconf 78' lang='lat' dir='ltr'><strong>cum</strong></span> <span class='ocrx_word' id='word_1_738' title='bbox 2082 5090 2425 5185; x_wconf 83' lang='lat' dir='ltr'><strong>principibus</strong></span> <span class='ocrx_word' id='word_1_739' title='bbox 2446 5113 2602 5185; x_wconf 86' lang='lat' dir='ltr'><strong>regni</strong></span> <span class='ocrx_word' id='word_1_740' title='bbox 2635 5113 2875 5186; x_wconf 90' lang='lat' dir='ltr'><strong>collegit,</strong></span> <span class='ocrx_word' id='word_1_741' title='bbox 2903 5128 3016 5181; x_wconf 88' lang='lat' dir='ltr'><strong>quo</strong></span> <span class='ocrx_word' id='word_1_742' title='bbox 3041 5111 3242 5173; x_wconf 91' lang='lat' dir='ltr'><strong>soluto,</strong></span> <span class='ocrx_word' id='word_1_743' title='bbox 3262 5108 3380 5178; x_wconf 90' lang='lat' dir='ltr'><strong>ipse</strong></span> <span class='ocrx_word' id='word_1_744' title='bbox 3404 5090 3539 5166; x_wconf 64' lang='lat' dir='ltr'><strong>cuni</strong></span> 
     </span>
    </p>
   </div>
   <div class='ocr_carea' id='block_1_106' title="bbox 1926 5198 3537 5271">
    <p class='ocr_par' dir='ltr' id='par_1_106' title="bbox 1926 5198 3537 5271">
     <span class='ocr_line' id='line_1_106' title="bbox 1926 5198 3537 5271; baseline -0.003 -11"><span class='ocrx_word' id='word_1_745' title='bbox 1926 5205 2222 5259; x_wconf 87' lang='lat' dir='ltr'><strong>admodum</strong></span> <span class='ocrx_word' id='word_1_746' title='bbox 2267 5201 2461 5271; x_wconf 88' lang='lat' dir='ltr'><strong>paucis</strong></span> <span class='ocrx_word' id='word_1_747' title='bbox 2503 5203 2570 5258; x_wconf 89' lang='lat' dir='ltr'><strong>ad</strong></span> <span class='ocrx_word' id='word_1_748' title='bbox 2602 5201 2969 5257; x_wconf 83' lang='lat' dir='ltr'><strong>obsidendum</strong></span> <span class='ocrx_word' id='word_1_749' title='bbox 3014 5198 3291 5271; x_wconf 87' lang='lat' dir='ltr'><strong>quoddam</strong></span> <span class='ocrx_word' id='word_1_750' title='bbox 3333 5202 3537 5255; x_wconf 70' lang='lat' dir='ltr'><strong>casti-</strong></span> 
     </span>
    </p>
   </div>
  </div>
