3996 5474
417 165 556 224 1575

1408 163 1500 220 AD
1536 163 1767 221 OPEBA
1807 165 1864 219 S.
1908 160 2236 222 GREGORII
2273 162 2716 220 APPENDICES.

3544 166 3567 218 l
3577 163 3681 219 376

414 283 528 339 lum
574 280 860 353 perrexit..
886 279 982 336 Set
1020 294 1148 337 ecce
1186 294 1256 338 ex
1285 278 1587 349 improviso
1630 279 1848 335 emulus
1878 279 2000 349 ejus
2024 281 2076 342 ,Α
2100 293 2223 334 rum
2270 278 2577 346 funeribus,
2609 279 2666 332 in
2701 290 2929 347 corpore
2957 283 3012 330 et
3049 275 3233 330 anima
3277 286 3551 343 mortuus,
3600 294 3686 332 re-

416 371 705 428 Heinricus
742 386 870 426 cum
909 370 1150 425 maxima
1189 368 1538 427 multitudine
1569 368 1919 425 Boemiorum
1948 377 2003 426 et

414 462 794 536 Bajoariorum
823 462 1062 528 advenit,
1092 476 1234 531 quos
1259 476 1385 517 cum
1424 461 1591 529 rebus
1629 461 2004 518 mcclesiarnm

414 553 709 623 derepente
747 551 856 608 sibi
897 565 1218 620 comparare
1264 551 1472 621 potuit;
1510 549 1714 621 quibus
1757 550 2006 607 libentis-

417 645 556 701 sime
583 661 680 701 rex
719 658 844 701 cum
882 642 1016 713 ipsis
1050 642 1241 712 paucis
1268 657 1410 714 quos
1436 657 1504 699 eo
1528 650 1776 713 tempore
1814 642 2006 699 habuit

415 734 713 800 obviasset,
756 733 804 789 si
836 748 949 788 non
991 732 1268 802 principes
1293 733 1414 803 ejus
1446 733 1551 791 hoc
1580 733 1634 789 in
1665 734 1814 790 aliud
1860 742 2002 790 tem-

414 840 518 896 pus
548 823 907 881 differendum
925 822 1141 879 cautius
1164 822 1492 893 judicarent.
1519 814 1810 880 Heinricus
1839 823 2006 895 igitur

415 924 636 986 accepta
696 914 1027 982 occasione,
1077 912 1265 969 omnia
1319 913 1750 986 circumquaque
1797 915 2002 986 praeda,

413 1005 584 1075 ferro,
617 1014 673 1062 et
704 1006 820 1078 igni
849 1020 959 1061 non
996 1005 1231 1061 cessavit
1262 1004 1568 1074 devastare,
1592 1005 1844 1062 homines
1867 1022 2006 1077 quo-

411 1111 522 1168 que
555 1109 710 1152 more
744 1096 1015 1166 pecudum
1044 1096 1320 1166 captivare
1343 1095 1431 1151 “'.
1458 1093 1595 1150 Nam
1618 1094 1864 1152 fautores
1884 1096 2006 1166 ejus

412 1204 483 1246 ex
523 1189 767 1257 Boemia,
807 1189 1059 1245 homines
1092 1190 1351 1249 libentius
1389 1205 1556 1261 quam
1590 1189 1825 1260 pecudes
1862 1204 2002 1260 prte-

414 1283 705 1351 dabantur,
734 1291 796 1338 ut
829 1298 924 1338 eos
952 1298 1124 1354 usque
1174 1282 1242 1339 ad
1288 1283 1596 1339 satietatem
1636 1298 1752 1338 suae
1790 1282 2006 1339 libidini

416 1374 733 1430 inhumanae
761 1376 1176 1446 prostituerent,
1219 1384 1274 1430 et
1302 1383 1493 1445 postea
1518 1373 1873 1430 inhumanius
1908 1389 2006 1431 eos

414 1466 798 1540 Cinocephalis
814 1468 1155 1524 devorandos
1172 1468 1485 1524 venderent.
1513 1465 1626 1523 Rex
1648 1478 1830 1523 autem
1852 1465 2005 1523 Rou-

415 1556 619 1625 dolfus,
679 1559 955 1616 celebrato
1013 1568 1328 1631 pentecoste
1386 1559 1530 1630 apud
1585 1560 1780 1615 cellam
1830 1557 2005 1615 sancti

417 1649 626 1725 Aurelii
668 1648 819 1722 (Jun.
862 1652 917 1723 4)
953 1650 1160 1723 (1507),
1194 1652 1432 1722 legatum
1458 1652 1732 1721 quendam
1769 1652 1837 1706 ad
1868 1666 2004 1722 apo-

416 1742 671 1800 stolicum
697 1745 918 1811 direxit,
943 1753 999 1800 et
1021 1745 1136 1816 ipse
1160 1745 1215 1799 in
1240 1744 1536 1800 Saxoniam
1564 1744 1894 1815 properavit.
1926 1741 2005 1798 Eo

416 1842 664 1905 tempore
700 1833 992 1891 Heinricus
1033 1836 1288 1905 imposita
1334 1836 1438 1891 sibi
1488 1851 1693 1891 corona
1732 1836 1877 1907 apud
1908 1834 2005 1891 Ul-

417 1938 588 1991 mam,
624 1923 977 1981 interdictum
1014 1941 1245 1997 regnum
1288 1926 1607 1996 usurpavit;
1645 1925 1739 1981 ubi
1768 1933 1823 1981 et
1866 1940 2008 1996 prte-

419 2010 632 2073 dictum
662 2019 920 2079 comitem
951 2016 1329 2085 Oudalricum,
1373 2027 1435 2074 ut
1460 2019 1529 2050 ³⁸³
1554 2019 1756 2089 optime
1792 2033 2009 2088 prome-

416 2109 607 2178 ritum,
638 2111 1061 2179 inbeneticiavit,
1089 2126 1155 2167 eo
1181 2112 1330 2181 quod
1356 2111 1719 2167 venerabilem
1757 2110 2010 2166 abbatem

419 2199 776 2269 Bernardum,
809 2201 1096 2273 apostolici
1138 2202 1400 2272 legatum,
1454 2200 1635 2256 adhuc
1664 2200 1720 2254 in
1759 2199 2012 2270 captione

418 2292 712 2349 cruciaret.
762 2292 1122 2349 Vercellensis
1170 2307 1390 2364 quoque
1431 2293 1745 2363 episcopus,
1776 2291 2011 2362 depositi

419 2382 567 2453 regis
612 2384 1007 2452 cancellarius,
1044 2400 1170 2439 cum
1220 2383 1478 2440 omnibus
1520 2383 1636 2439 suis
1683 2382 2013 2454 sequacibus

420 2475 674 2545 generale
701 2475 1039 2546 colloquium
1070 2476 1217 2532 circa
1249 2475 1521 2532 Kalendas
1545 2474 1673 2530 Maii
1700 2476 1753 2529 in
1795 2474 2013 2529 Runca-

420 2565 569 2622 libus
592 2567 856 2633 condixit,
883 2575 943 2621 ut
975 2568 1022 2623 si
1050 2568 1236 2639 aliquo
1270 2567 1434 2623 modo
1462 2576 1665 2637 posset,
1690 2566 2012 2637 Gregorium

419 2670 618 2726 papam
647 2657 963 2727 deponeret.
1009 2655 1116 2713 Sed
1160 2658 1279 2728 ipse
1331 2657 1400 2713 ad
1442 2657 1676 2712 eundem
1715 2655 2013 2712 terminum

423 2748 631 2818 absque
677 2750 1064 2806 recclesiastica
1100 2751 1490 2807 communione
1539 2751 1706 2804 vitam
1754 2749 1919 2805 simul
1960 2759 2015 2806 et

421 2840 799 2911 episcopatum
826 2843 930 2898 heu
953 2843 1340 2898 miserabiliter
1371 2842 1643 2912 deposuit,
1671 2857 1780 2913 quo
1812 2842 1900 2897 ille
1925 2858 2016 2913 pa-
2040 2920 2047 2925 θ

423 2947 550 3002 pam
571 2931 782 2988 nefaria
817 2934 1243 3004 praesumptione
1273 2934 1465 2988 statuit
1486 2933 1777 3004 deponere.

427 3134 514 3176 nte
534 3121 708 3187 urbis,
742 3120 1048 3177 indefessus
1080 3122 1236 3176 miles
1268 3120 1445 3175 sancti
1479 3119 1627 3175 Petri
1661 3128 1853 3175 contra
1876 3117 2012 3173 scis-

425 3211 677 3278 maticos,
702 3227 734 3267 a
765 3212 1004 3282 quodam
1041 3204 1281 3269 Helnriei
1313 3210 1525 3266 fautore
1556 3209 1848 3266 crudeliter
1868 3208 2014 3263 occi-

426 3303 592 3359 ditur.
631 3303 709 3358 Ad
735 3304 893 3374 cujus
919 3319 1122 3381 corpus
1156 3304 1210 3359 in
1235 3319 1406 3375 parvo
1430 3312 1671 3374 tempore
1694 3303 1815 3373 plus
1845 3291 2011 3372 quam

423 3395 617 3467 viginti
646 3396 912 3452 miracula
960 3397 1326 3469 contigerunt,
1375 3403 1436 3453 ut
1482 3396 1721 3451 ﬁdelium
1766 3388 2011 3450 virorum

430 3488 701 3544 relatione
716 3489 1030 3543 didicimus.
1061 3487 1671 3558 lmbricoAugustensis
1701 3485 2023 3557 episcopus,

426 3577 522 3648 qui
571 3579 626 3633 in
659 3579 933 3649 praeterito
976 3579 1181 3649 pascha
1216 3577 1488 3633 Roudolfo
1538 3578 1651 3649 regi
1700 3578 2012 3632 ﬁdelitatem

420 3669 649 3740 juravit,
687 3671 764 3726 nil
797 3672 863 3727 de
889 3672 1130 3741 perjurio
1153 3687 1377 3739 curans,
1419 3670 1675 3749 lleinrico
1709 3670 2012 3726 advenienti

427 3761 663 3828 adhesit,
703 3770 758 3818 et
791 3765 933 3833 apud
972 3764 1123 3818 illum
1145 3764 1381 3835 quadam
1412 3763 1500 3817 die
1530 3763 1756 3819 missam
1785 3762 2010 3830 faciens,

428 3854 572 3910 lianc
620 3856 724 3910 sibi
764 3856 1131 3912 conditionem
1181 3856 1351 3912 miser
1402 3856 1683 3928 imposuit,
1738 3864 1799 3911 ut
1844 3872 2015 3914 sacrae

425 3946 721 4003 oblationis
781 3950 1058 4021 perceptio
1112 3950 1170 4005 in
1236 3950 1504 4020 judicium
1555 3951 1605 4005 ei
1656 3949 1968 4020 proveniret
1994 3992 2011 4017 ,

424 4037 473 4094 si
530 4038 789 4095 dominus
845 4042 966 4113 ejus
1021 4041 1321 4098 lleinricus
1359 4057 1590 4113 regnum
1649 4042 1757 4097 sibi
1812 4041 2015 4112 injuste

424 4140 740 4200 usurparet.
798 4131 931 4188 Post
991 4134 1134 4190 hanc
1194 4134 1545 4189 temerariam
1608 4133 2013 4205 perceptionem

420 4236 595 4294 parvo
624 4232 872 4293 tempore
898 4226 1045 4296 quod
1073 4226 1380 4296 supravixit
1430 4241 1605 4297 usque
1645 4226 1714 4280 ad
1754 4234 2011 4293 mortem,

2101 358 2441 443 portabatur.
2495 369 2745 441 Augusto
2803 384 2992 425 mense
3036 368 3149 440 jam
3194 383 3332 439 pene
3378 377 3683 437 transacto,

2104 461 2393 519 Heinrieus
2426 477 2553 518 cum
2591 461 3027 517 scismatieorum
3072 461 3423 516 multitudine
3459 462 3682 532 procin-

2103 563 2253 611 ctum
2289 553 2358 587 ’“
2387 555 2443 609 in
2481 552 2778 609 Saxoniam
2821 567 3144 623 promovere
3170 552 3410 609 decrevit
3450 552 3635 625 (Δις.)
3665 594 3679 605 .

2104 648 2193 703 cui
2217 644 2525 702 Roudolfus
2559 660 2655 700 rex
2678 644 2746 677 ⁸⁴⁸
2770 660 2895 700 cum
2934 643 3244 700 Saxonibus
3282 659 3461 716 usque
3488 642 3684 700 Herbi-

2104 739 2275 810 polim
2315 739 2533 794 obviam
2563 737 2855 808 processit,
2876 744 2931 791 et
2964 736 3193 793 eandem
3234 737 3450 802 urbe,
3471 735 3579 793 sibi
3603 753 3685 791 rc-

2105 828 2421 895 bellantem,
2454 826 2696 894 obsedit;
2717 841 2831 897 quo
2857 824 2989 881 dum
3024 823 3211 881 fideles
3237 825 3359 896 ejus
3384 840 3454 880 ex
3486 823 3684 880 Suevia

2103 925 2480 988 properarent,
2508 917 2565 971 in
2591 913 2909 971 Heinricum
2929 914 3051 985 ejus
3063 914 3304 969 emulnm
3319 913 3685 983 oﬂ‘enderunt,

2106 1008 2202 1078 qui
2231 1023 2264 1063 a
2293 1006 2434 1064 facie
2464 1022 2656 1064 eorum
2681 1005 2961 1074 secedens,
2999 1005 3124 1076 plus
3150 1020 3317 1076 quam
3344 1014 3567 1061 centum
3590 1007 3687 1061 bo-

2106 1100 2284 1157 mines
2328 1100 2387 1155 in
2430 1115 2542 1155 una
2582 1096 2821 1164 aeclesia,
2853 1096 2908 1153 id
2948 1103 3034 1152 est
3068 1096 3211 1166 apud
3259 1094 3571 1151 Wizinlocb
3619 1096 3688 1128 ‘“

2106 1192 2314 1266 (1508),
2346 1192 2451 1248 sibi
2482 1191 2877 1253 resistentium,
2921 1187 3291 1246 concremavit
3324 1188 3518 1258 sicque
3546 1188 3687 1243 ultra

2105 1285 2319 1347 Renum
2362 1285 2598 1357 fugiens,
2625 1284 2695 1339 ab
2719 1283 2934 1353 incepto
2975 1280 3168 1337 itinere
3207 1280 3394 1339 ﬁdeles
3421 1280 3567 1352 regis
3604 1280 3689 1336 di-

2103 1388 2319 1436 vertere
2362 1394 2475 1434 non
2521 1377 2717 1448 potuit.
2752 1374 2831 1431 Eo
2866 1383 3109 1444 tempore
3154 1388 3293 1443 papa
3324 1374 3548 1444 utrique
3574 1371 3687 1444 regi

2105 1488 2173 1530 ex
2198 1480 2354 1544 parte
2373 1469 2548 1527 sancti
2577 1468 2722 1525 Petri
2744 1466 3000 1540 praecepit
3021 1474 3080 1520 ut
3108 1473 3330 1522 treuvas
3355 1466 3426 1521 ad
3455 1464 3689 1521 invicem

2105 1563 2369 1631 facerent,
2399 1571 2455 1618 et
2486 1562 2778 1619 adventum
2803 1560 2924 1631 ejus
2945 1558 3013 1614 ad
3029 1556 3360 1614 Teutonicas
3384 1566 3573 1629 partes
3591 1572 3690 1630 pro

2038 1654 2081 1710 Β
2105 1654 2407 1712 dirimenda
2434 1653 2528 1710 lite
2562 1669 2671 1709 non
2702 1652 3045 1724 impedirent,
3089 1658 3174 1707 set
3206 1649 3452 1705 debitum
3498 1650 3688 1715 consi-

2104 1748 2242 1805 lium
2272 1755 2328 1802 et
2358 1745 2621 1801 auxilium
2655 1745 2723 1800 ad
2759 1744 2867 1800 hoc
2890 1742 2996 1797 iter
3025 1742 3074 1797 ei
3102 1743 3430 1813 praeberent.
3470 1740 3687 1812 Legatis

2107 1847 2288 1896 autem
2313 1838 2450 1904 suis,
2479 1837 2575 1908 qui
2596 1836 2777 1891 adhuc
2804 1835 2860 1890 in
2889 1833 3205 1890 Teutonicis
3235 1834 3485 1905 partibus
3516 1848 3692 1889 mora-

2107 1932 2328 1998 bantur,
2377 1928 2654 2000 prmcepit,
2701 1936 2761 1984 ut
2793 1944 2860 1983 ex
2889 1926 3104 1982 duobus
3148 1926 3371 1996 regibus
3407 1925 3562 1980 illum
3592 1940 3689 1980 ex-

2108 2022 2597 2089 communicarent,
2620 2020 2714 2091 qui
2751 2018 3019 2091 prtedictte
3061 2013 3319 2088 legationi
3359 2030 3475 2072 non
3508 2016 3693 2072 obedi-

2108 2124 2212 2184 ret,
2236 2114 2579 2172 obedientem
2620 2128 2752 2168 vero
2776 2127 2845 2167 ex
2880 2118 3033 2182 parte
3060 2110 3237 2165 sancti
3256 2107 3406 2164 Petri
3428 2108 3490 2163 in
3527 2124 3695 2179 regno

2110 2208 2519 2266 confirmarent.
2557 2204 2715 2273 Quod
2755 2211 2811 2260 et
2848 2218 2958 2258 non
2987 2201 3159 2256 multo
3204 2208 3327 2271 post
3367 2199 3575 2256 factum
3614 2206 3695 2254 est

2113 2299 2337 2373 (Nam);
2380 2297 2589 2355 scilicet
2633 2296 2689 2353 in
2738 2296 2826 2352 die
2868 2293 3123 2365 sequenti
3176 2301 3302 2364 post
3343 2290 3693 2348 festivitatem

2113 2393 2289 2449 sancti
2315 2391 2556 2458 Martini,
2592 2388 2864 2455 Goslarie,
2905 2384 3160 2441 lleinrico
3198 2399 3300 2456 pro
3329 2383 3695 2440 inobedientia

2113 2485 2313 2541 iterum
2346 2481 2821 2539 excommunicato
2855 2487 2910 2535 et
2938 2475 3210 2532 Roudolfo
3244 2491 3345 2547 pro
3385 2473 3695 2531 obedientia

2113 2576 2172 2631 in
2214 2590 2445 2647 regnum
2491 2573 2806 2629 sublimato.
2861 2569 2998 2625 Nam
3050 2567 3342 2623 Heinricus
3378 2568 3693 2639 pradictam

2113 2666 2439 2738 legationem
2479 2680 2634 2736 papae
2678 2679 2779 2719 nee
2828 2661 3108 2731 suscipere
3153 2659 3410 2730 dignatus
3453 2667 3563 2725 est,
3598 2673 3695 2714 nec

2114 2759 2359 2815 animum
2389 2759 2455 2813 ad
2485 2767 2687 2813 treuvar
2715 2753 3189 2825 compositionem,
3224 2760 3308 2807 set
3342 2750 3413 2806 ad
3452 2750 3696 2822 tyranni-

2114 2842 2200 2908 dis
2243 2844 2621 2907 crudelitatem
2666 2847 2899 2903 intendit
2927 2845 3015 2901 “7.
3062 2842 3328 2900 Geraldus
3370 2841 3697 2897 venerabilis

2040 2946 2080 3015 Ἀ
2115 2942 2384 3000 Ostiensis
2419 2943 2731 3015 episcopus,
2774 2940 2840 2995 de
2868 2938 2937 2971 ³⁸⁸
2965 2951 3076 3008 quo
3108 2950 3274 3006 supra
3300 2948 3698 2990 commemora-

495 3028 616 3085 Non
646 3002 825 3085 multo
852 3038 976 3100 post
1009 3002 1130 3099 ejus
1156 3030 1437 3085 interitum
1478 3002 1771 3101 priefectus
1808 3027 2011 3083 Roma-
2041 3002 2083 3061 θ

2114 3037 2317 3104 vimus,
2335 3035 2451 3106 jam
2474 3034 2679 3091 dudum
2704 3031 2816 3088 Deo
2843 3030 2911 3062 m
2943 3028 3125 3094 vivus,
3147 3026 3354 3081 mundo
3378 3024 3695 3086 cruciﬁxus.

2114 3128 2182 3184 de
2223 3128 2388 3198 hujus
2432 3127 2555 3182 vitae
2593 3123 2869 3195 ergastulo
2912 3120 3175 3176 liberatus
3216 3127 3333 3185 est,
3375 3116 3411 3171 8
3463 3114 3594 3178 Idus
3628 3115 3696 3146 ³⁸⁸

2115 3218 2448 3276 Decembris.
2478 3217 2660 3289 Agnes
2690 3213 3106 3287 religiosissima
3128 3209 3468 3281 imperatrix,
3491 3208 3608 3278 jam
3629 3207 3693 3239 "‘

2114 3314 2186 3369 20
2213 3312 2372 3368 annis
2406 3311 2462 3365 in
2499 3308 2761 3364 viduitate
2788 3306 2858 3338 ³⁸⁸
2903 3304 3015 3361 Deo
3044 3302 3396 3359 devotissime
3432 3300 3694 3362 serviens,

2118 3421 2217 3461 nec
2248 3403 2360 3459 ﬁlio
2386 3416 2487 3459 suo
2513 3399 2772 3455 Heinrico
2804 3405 2996 3452 contra
3028 3393 3384 3465 apostolicam
3429 3391 3614 3447 sedem
3643 3391 3696 3443 in

2115 3495 2300 3564 aliquo
2309 3491 2681 3553 consentiens,
2698 3488 2885 3544 Romae
2894 3483 3160 3556 requievit
3179 3482 3380 3552 in'pace
3391 3482 3461 3536 l9
3474 3479 3595 3536 Kal.
3609 3479 3697 3533 Ja-

2116 3601 2254 3640 nuar
2275 3584 2363 3636 ⁸⁸³.
2396 3580 2617 3652 Sepulta
2640 3578 2896 3635 Romaein
2923 3574 3134 3631 ecclesia
3149 3580 3352 3630 sancta:
3367 3570 3691 3626 Petronillae.

2735 3665 3071 3724 MLXXVIII.

2186 3764 2476 3821 licinricus
2524 3764 2721 3818 iterum
2776 3759 3087 3832 apostolicae
3136 3756 3249 3812 sedi
3294 3755 3363 3811 de
3408 3770 3510 3810 sua
3543 3753 3697 3824 quasi

2115 3858 2322 3930 injusta
2367 3855 2717 3915 damnatione
2757 3850 3145 3923 conqueritur.
3200 3847 3356 3903 Unde
3404 3844 3697 3916 Gregorius

2115 3965 2254 4021 papa
2283 3948 2429 4004 facto
2455 3946 2687 4003 concilio
2717 3959 2906 3999 mense
2951 3941 3147 3995 Martio
3191 3937 3378 4012 (l509)
3412 3942 3429 3958 ⁶
3476 3937 3698 3991 idoneos

2116 4042 2323 4114 legatos
2351 4042 2564 4097 iterum
2594 4035 2908 4104 destinavit,
2951 4034 3046 4105 qui
3080 4032 3224 4087 facto
3256 4029 3500 4102 generali
3530 4027 3697 4083 collo-

2115 4134 2266 4206 quio,
2293 4148 2518 4189 causam
2573 4130 2725 4201 regni
2753 4128 2902 4200 juste
2943 4123 3370 4181 determinarent
3394 4141 3408 4176 :
3430 4129 3487 4176 et
3513 4132 3700 4175 omnes

2117 4227 2351 4284 sinodali
2377 4223 2648 4281 sententia
2668 4219 2968 4285 damnavit,
2992 4217 3326 4288 quicumque
3355 4212 3699 4283 impedirent,

425 4331 706 4388 nunquam
744 4332 803 4373 se
824 4333 1019 4373 sanum
1047 4318 1115 4374 de
1151 4319 1292 4375 lecto
1312 4318 1527 4373 levavit.
1564 4315 1701 4372 Nam
1733 4318 1879 4373 circa
1906 4316 2014 4373 Ka-
2041 4343 2092 4404 ι)
2117 4334 2187 4376 ne
2220 4317 2556 4389 colloquium
2594 4315 2764 4371 fieret.
2802 4311 2960 4379 Quod
2993 4306 3299 4364 Roudolfus
3341 4303 3702 4404 libentissime

422 4408 614 4464 lendas
644 4408 775 4464 Julii
807 4411 1015 4482 absque
1061 4411 1448 4469 tecclesiastica
1491 4410 1880 4466 communione
1912 4408 2009 4464 de-

421 4505 646 4559 functus
675 4512 777 4561 est.
807 4503 941 4561 Item
990 4504 1322 4577 Sigebardus
1367 4503 1737 4575 Aquileiensis
1770 4501 2010 4573 patriar-

420 4596 547 4664 cba,
585 4598 641 4653 in
666 4596 933 4653 auxilium
964 4596 1204 4653 Heinrici
1235 4606 1425 4653 contra
1449 4597 1694 4652 bannum
1722 4593 2011 4666 apostolici

414 4697 634 4745 armata
666 4674 835 4745 manu
882 4689 1128 4756 veniens,
1175 4689 1228 4744 in
1259 4689 1556 4744 amentiam
1601 4688 1829 4743 vertitur
1869 4686 2010 4757 apud

417 4778 495 4834 Ra
508 4780 806 4851 tisponam,
838 4789 895 4838 et
917 4797 985 4837 ex
1011 4781 1133 4853 ipso
1165 4780 1361 4837 itinere
1388 4779 1673 4851 repentina
1716 4787 1893 4833 morte
1929 4778 2013 4832 in-

415 4871 740 4943 tercipitur;
772 4873 963 4945 sicque
989 4873 1212 4930 domum
1257 4889 1370 4930 non
1398 4860 1517 4929 sine
1558 4870 1833 4943 aliquibus
1878 4883 2011 4925 suo-

2117 4411 2291 4468 voluit
2314 4410 2459 4478 ﬁeri;
2484 4407 2772 4464 Heinricus
2798 4412 3001 4471 autem,
3023 4408 3321 4469 utcumque
3343 4396 3546 4468 potuit,
3573 4394 3701 4450 illud

2191 4514 2289 4570 ‘In
2327 4516 2432 4571 hoc
2465 4513 2725 4587 concilio
2748 4510 2891 4587 facta
2927 4517 3011 4565 est
3060 4507 3310 4577 exceptio
3348 4503 3699 4587 quarundam

2186 4601 2479 4641 rsonarum
2517 4586 2585 4656 de
2630 4582 2980 4656 Heinriciana
3013 4581 3628 4656 “communicatione;
3651 4581 3703 4627 et

2157 4672 2223 4713 oc
2247 4658 2435 4727 utique
2463 4655 2530 4711 ad
2558 4663 2796 4725 tempus,
2822 4652 2875 4707 id
2903 4660 2988 4727 est
3007 4664 3263 4727 uxorum,
3284 4646 3566 4727 filiorum,
3587 4659 3703 4727 ser-

2115 4743 2311 4799 vorum
2340 4714 2396 4784 et
2440 4714 2801 4796 reliquorum,
2832 4722 2928 4799 qui
2972 4736 3080 4799 non
3122 4719 3359 4799 scienter
3388 4716 3487 4799 ,γει
3521 4714 3698 4795 saltim

2118 4814 2227 4853 non
2273 4798 2503 4853 libenter
2548 4790 3037 4867 excommunicatis
3080 4790 3361 4867 sociantur
3381 4790 3702 4867 iri-margins

2117 4869 2307 4923 addita
2330 4870 2379 4923 1.
2411 4868 2600 4923 desunt
2626 4867 2682 4922 2.
2709 4865 2969 4920 habentur
2994 4863 3053 4917 in
3079 4862 3132 4916 5.
3160 4867 3277 4931 post
3306 4856 3527 4914 Martio.

1746 4998 1981 5057 VARUE
2022 4997 2425 5057 LECTIONES.

424 5100 494 5183 1"
517 5097 662 5183 lnq.
690 5112 770 5159 ιιι.
795 5100 1135 5183 ρηολάεεεᾳμ
1280 5098 1351 5183 ’ξς
1378 5107 1600 5183 ιιιλκι).⁴
1632 5095 1832 5183 fulgeo
1851 5110 2000 5183 ‘raso
2038 5092 2239 5183 cadent:
2261 5101 2440 5147 tamen
2482 5109 2644 5183 manu
2682 5101 2863 5163 postea
2902 5092 3106 5183 incerta
3137 5084 3419 5183 frug?"
3451 5077 3691 5183 ωιεῖὶίξῗ]

426 5150 769 5236 Sax—oniam:
788 5150 1276 5224 Eui's."'5¥i'd}'eu
1303 5169 1358 5224 2.
1385 5150 1649 5238 "u'o'i‘a'p'.
1669 5164 1977 5238 Wizinloeh
2003 5162 2405 5238 suprghlipeam
2422 5150 2799 5238 eademmanu
2825 5161 3029 5238 scriptu
3058 5159 3107 5214 Ι.
3123 5154 3324 5238 desunt
3450 5223 3466 5238 _
3482 5152 3550 5238 ³δῖ
3571 5150 3696 5238 Qui;

428 5262 449 5270 ρ
459 5258 622 5270 Ann-.1-
631 5258 682 5270 "l

766 5239 821 5270 ὅσα
852 5239 1087 5270 υκαι-αἰνυ-
1117 5240 1296 5270 130'...“-
1324 5239 1517 5270 ...ἔθυιυὲ
1550 5233 1735 5270 ηλλῖοη
1766 5244 1885 5270 eum!
1914 5235 1937 5270 ⁸
1997 5233 2032 5270 ο

2132 5231 2201 5264 :59
2228 5234 2295 5270 ιῖιι
2323 5248 2358 5270 n
2401 5235 2437 5270 ἀ
2508 5248 2539 5270 n
2594 5234 2781 5270 lincunt
2824 5232 2862 5270 θ
2932 5218 2945 5230 ”
2963 5229 3031 5261 δι’
3062 5228 3177 5270 ιιι-ιη
3212 5223 3614 5270 τητγ-ἀόΙ-‹Ιεο
3642 5218 3700 5270 2.
