  <div class='ocr_page' id='page_1' title='image "/cluster/home/n/w/nwhite01/storage/ocr_20150623/148/hvd.32044015471840/686.png"; bbox 0 0 3996 5474; ppageno 0'>
   <div class='ocr_carea' id='block_1_1' title="bbox 281 308 415 367">
    <p class='ocr_par' dir='ltr' id='par_1_1' title="bbox 281 308 415 367">
     <span class='ocr_line' id='line_1_1' title="bbox 281 308 415 367; baseline -0.015 0"><span class='ocrx_word' id='word_1_1' title='bbox 281 308 415 367; x_wconf 79' lang='grc'><strong>1577</strong></span> 
     </span>
    </p>
   </div>
   <div class='ocr_carea' id='block_1_2' title="bbox 1157 297 2656 365">
    <p class='ocr_par' dir='ltr' id='par_1_2' title="bbox 1157 297 2656 365">
     <span class='ocr_line' id='line_1_2' title="bbox 1157 297 2656 365; baseline -0.004 -4"><span class='ocrx_word' id='word_1_2' title='bbox 1157 302 1445 362; x_wconf 79' lang='lat' dir='ltr'><strong>APPEND.</strong></span> <span class='ocrx_word' id='word_1_3' title='bbox 1484 302 1570 361; x_wconf 78' lang='grc'><strong>111.</strong></span> <span class='ocrx_word' id='word_1_4' title='bbox 1608 334 1677 345; x_wconf 90' lang='grc'><strong><em>-</em></strong></span> <span class='ocrx_word' id='word_1_5' title='bbox 1714 297 2156 365; x_wconf 62' lang='grc' dir='ltr'><strong>ΜΟΝΠΜΕΝΤΔ</strong></span> <span class='ocrx_word' id='word_1_6' title='bbox 2192 299 2656 358; x_wconf 72' lang='lat' dir='ltr'><strong>CREGORIANA.</strong></span> 
     </span>
    </p>
   </div>
   <div class='ocr_carea' id='block_1_3' title="bbox 3404 268 3543 360">
    <p class='ocr_par' dir='ltr' id='par_1_3' title="bbox 3404 268 3543 360">
     <span class='ocr_line' id='line_1_3' title="bbox 3404 268 3543 360; baseline -0.014 -1"><span class='ocrx_word' id='word_1_7' title='bbox 3404 268 3543 360; x_wconf 58' lang='lat'><strong>{$78</strong></span> 
     </span>
    </p>
   </div>
   <div class='ocr_carea' id='block_1_4' title="bbox 278 413 3542 493">
    <p class='ocr_par' dir='ltr' id='par_1_4' title="bbox 278 413 3542 493">
     <span class='ocr_line' id='line_1_4' title="bbox 278 413 3542 493; baseline -0.002 -14"><span class='ocrx_word' id='word_1_8' title='bbox 278 420 534 493; x_wconf 86' lang='lat' dir='ltr'><strong>impedire</strong></span> <span class='ocrx_word' id='word_1_9' title='bbox 554 433 664 477; x_wconf 91' lang='lat' dir='ltr'><strong>non</strong></span> <span class='ocrx_word' id='word_1_10' title='bbox 692 417 946 476; x_wconf 74' lang='lat' dir='ltr'><strong>cessavit.</strong></span> <span class='ocrx_word' id='word_1_11' title='bbox 972 415 1109 473; x_wconf 80' lang='lat' dir='ltr'><strong>Nam</strong></span> <span class='ocrx_word' id='word_1_12' title='bbox 1138 427 1329 474; x_wconf 82' lang='lat' dir='ltr'><strong>contra</strong></span> <span class='ocrx_word' id='word_1_13' title='bbox 1357 425 1687 487; x_wconf 70' lang='lat' dir='ltr'><strong>praeceptum</strong></span> <span class='ocrx_word' id='word_1_14' title='bbox 1713 432 1854 487; x_wconf 66' lang='grc' dir='ltr'><strong>δραι</strong></span> <span class='ocrx_word' id='word_1_15' title='bbox 1892 419 1933 472; x_wconf 78' lang='grc' dir='ltr'><strong>Α</strong></span> <span class='ocrx_word' id='word_1_16' title='bbox 1960 414 2173 483; x_wconf 78' lang='lat' dir='ltr'><strong>absque</strong></span> <span class='ocrx_word' id='word_1_17' title='bbox 2196 429 2292 483; x_wconf 84' lang='lat' dir='ltr'><strong>spe</strong></span> <span class='ocrx_word' id='word_1_18' title='bbox 2316 414 2747 483; x_wconf 79' lang='lat' dir='ltr'><strong>recnperationis</strong></span> <span class='ocrx_word' id='word_1_19' title='bbox 2776 413 3028 485; x_wconf 76' lang='lat' dir='ltr'><strong>deposuit</strong></span> <span class='ocrx_word' id='word_1_20' title='bbox 3055 414 3146 481; x_wconf 71' lang='lat' dir='ltr'><strong>m,</strong></span> <span class='ocrx_word' id='word_1_21' title='bbox 3184 424 3238 471; x_wconf 83' lang='lat' dir='ltr'><strong>et</strong></span> <span class='ocrx_word' id='word_1_22' title='bbox 3279 418 3542 490; x_wconf 86' lang='lat' dir='ltr'><strong>scriptum</strong></span> 
     </span>
    </p>
   </div>
   <div class='ocr_carea' id='block_1_5' title="bbox 277 507 1859 578">
    <p class='ocr_par' dir='ltr' id='par_1_5' title="bbox 277 507 1859 578">
     <span class='ocr_line' id='line_1_5' title="bbox 277 507 1859 578; baseline -0.005 -9"><span class='ocrx_word' id='word_1_23' title='bbox 277 512 451 571; x_wconf 86' lang='lat' dir='ltr'><strong>stolici</strong></span> <span class='ocrx_word' id='word_1_24' title='bbox 491 510 729 566; x_wconf 87' lang='lat' dir='ltr'><strong>maxima</strong></span> <span class='ocrx_word' id='word_1_25' title='bbox 769 509 1116 565; x_wconf 72' lang='lat' dir='ltr'><strong>multitudine</strong></span> <span class='ocrx_word' id='word_1_26' title='bbox 1157 507 1557 578; x_wconf 85' lang='lat' dir='ltr'><strong>flagiciusorum</strong></span> <span class='ocrx_word' id='word_1_27' title='bbox 1592 508 1859 571; x_wconf 78' lang='lat' dir='ltr'><strong>adunata.</strong></span> 
     </span>
    </p>
   </div>
   <div class='ocr_carea' id='block_1_6' title="bbox 276 597 1862 674">
    <p class='ocr_par' dir='ltr' id='par_1_6' title="bbox 276 597 1862 674">
     <span class='ocr_line' id='line_1_6' title="bbox 276 597 1862 674; baseline -0.004 -17"><span class='ocrx_word' id='word_1_28' title='bbox 276 604 616 674; x_wconf 90' lang='lat' dir='ltr'><strong>procinctum</strong></span> <span class='ocrx_word' id='word_1_29' title='bbox 650 601 707 657; x_wconf 88' lang='lat' dir='ltr'><strong>in</strong></span> <span class='ocrx_word' id='word_1_30' title='bbox 743 600 1039 656; x_wconf 86' lang='lat' dir='ltr'><strong>Saxoniam</strong></span> <span class='ocrx_word' id='word_1_31' title='bbox 1064 600 1296 669; x_wconf 80' lang='lat' dir='ltr'><strong>paravit,</strong></span> <span class='ocrx_word' id='word_1_32' title='bbox 1317 599 1406 656; x_wconf 87' lang='lat' dir='ltr'><strong>cui</strong></span> <span class='ocrx_word' id='word_1_33' title='bbox 1429 615 1526 655; x_wconf 84' lang='lat' dir='ltr'><strong>rex</strong></span> <span class='ocrx_word' id='word_1_34' title='bbox 1549 597 1862 654; x_wconf 77' lang='lat' dir='ltr'><strong>Roudoll‘us</strong></span> 
     </span>
    </p>
   </div>
   <div class='ocr_carea' id='block_1_7' title="bbox 276 687 1859 765">
    <p class='ocr_par' dir='ltr' id='par_1_7' title="bbox 276 687 1859 765">
     <span class='ocr_line' id='line_1_7' title="bbox 276 687 1859 765; baseline -0.004 -15"><span class='ocrx_word' id='word_1_35' title='bbox 276 695 417 765; x_wconf 89' lang='lat' dir='ltr'><strong>apud</strong></span> <span class='ocrx_word' id='word_1_36' title='bbox 445 692 656 749; x_wconf 85' lang='lat' dir='ltr'><strong>Strowe</strong></span> <span class='ocrx_word' id='word_1_37' title='bbox 674 707 805 749; x_wconf 88' lang='lat' dir='ltr'><strong>cum</strong></span> <span class='ocrx_word' id='word_1_38' title='bbox 824 692 1067 748; x_wconf 88' lang='lat' dir='ltr'><strong>exercitu</strong></span> <span class='ocrx_word' id='word_1_39' title='bbox 1090 691 1330 746; x_wconf 83' lang='lat' dir='ltr'><strong>obviavit</strong></span> <span class='ocrx_word' id='word_1_40' title='bbox 1359 709 1372 745; x_wconf 90' lang='lat'><strong>:</strong></span> <span class='ocrx_word' id='word_1_41' title='bbox 1400 696 1456 747; x_wconf 88' lang='lat' dir='ltr'><strong>et</strong></span> <span class='ocrx_word' id='word_1_42' title='bbox 1498 689 1593 747; x_wconf 91' lang='lat' dir='ltr'><strong>illo</strong></span> <span class='ocrx_word' id='word_1_43' title='bbox 1642 687 1859 760; x_wconf 82' lang='lat' dir='ltr'><strong>fugato,</strong></span> 
     </span>
    </p>
   </div>
   <div class='ocr_carea' id='block_1_8' title="bbox 276 779 1859 856">
    <p class='ocr_par' dir='ltr' id='par_1_8' title="bbox 276 779 1859 856">
     <span class='ocr_line' id='line_1_8' title="bbox 276 779 1859 856; baseline -0.006 -15"><span class='ocrx_word' id='word_1_44' title='bbox 276 787 389 856; x_wconf 88' lang='lat' dir='ltr'><strong>ipse</strong></span> <span class='ocrx_word' id='word_1_45' title='bbox 428 798 682 853; x_wconf 82' lang='lat' dir='ltr'><strong>campum</strong></span> <span class='ocrx_word' id='word_1_46' title='bbox 735 783 978 839; x_wconf 71' lang='lat' dir='ltr'><strong>victoriae</strong></span> <span class='ocrx_word' id='word_1_47' title='bbox 1032 782 1287 849; x_wconf 85' lang='lat' dir='ltr'><strong>obtinuit,</strong></span> <span class='ocrx_word' id='word_1_48' title='bbox 1336 781 1368 834; x_wconf 88' lang='lat'><strong>7</strong></span> <span class='ocrx_word' id='word_1_49' title='bbox 1412 779 1540 837; x_wconf 86' lang='lat' dir='ltr'><strong>ldus</strong></span> <span class='ocrx_word' id='word_1_50' title='bbox 1595 779 1859 852; x_wconf 59' lang='lat' dir='ltr'><strong>Augusti.</strong></span> 
     </span>
    </p>
   </div>
   <div class='ocr_carea' id='block_1_9' title="bbox 276 868 1860 942">
    <p class='ocr_par' dir='ltr' id='par_1_9' title="bbox 276 868 1860 942">
     <span class='ocr_line' id='line_1_9' title="bbox 276 868 1860 942; baseline -0.004 -14"><span class='ocrx_word' id='word_1_51' title='bbox 276 873 541 929; x_wconf 84' lang='lat' dir='ltr'><strong>Occubuit</strong></span> <span class='ocrx_word' id='word_1_52' title='bbox 566 882 749 927; x_wconf 85' lang='lat' dir='ltr'><strong>tamen</strong></span> <span class='ocrx_word' id='word_1_53' title='bbox 775 871 850 927; x_wconf 92' lang='lat' dir='ltr'><strong>ibi</strong></span> <span class='ocrx_word' id='word_1_54' title='bbox 876 887 942 926; x_wconf 88' lang='lat' dir='ltr'><strong>ex</strong></span> <span class='ocrx_word' id='word_1_55' title='bbox 977 878 1131 942; x_wconf 88' lang='lat' dir='ltr'><strong>parte</strong></span> <span class='ocrx_word' id='word_1_56' title='bbox 1168 869 1421 926; x_wconf 85' lang='lat' dir='ltr'><strong>Roudolﬁ</strong></span> <span class='ocrx_word' id='word_1_57' title='bbox 1449 868 1652 937; x_wconf 85' lang='lat' dir='ltr'><strong>Wecel,</strong></span> <span class='ocrx_word' id='word_1_58' title='bbox 1683 883 1860 925; x_wconf 80' lang='lat' dir='ltr'><strong>vene-</strong></span> 
     </span>
    </p>
   </div>
   <div class='ocr_carea' id='block_1_10' title="bbox 275 961 1862 1035">
    <p class='ocr_par' dir='ltr' id='par_1_10' title="bbox 275 961 1862 1035">
     <span class='ocr_line' id='line_1_10' title="bbox 275 961 1862 1035; baseline -0.004 -15"><span class='ocrx_word' id='word_1_59' title='bbox 275 965 461 1020; x_wconf 80' lang='lat' dir='ltr'><strong>rabilis</strong></span> <span class='ocrx_word' id='word_1_60' title='bbox 480 963 980 1035; x_wconf 77' lang='lat' dir='ltr'><strong>Magideburgensis</strong></span> <span class='ocrx_word' id='word_1_61' title='bbox 1009 964 1321 1034; x_wconf 89' lang='lat' dir='ltr'><strong>episcopus,</strong></span> <span class='ocrx_word' id='word_1_62' title='bbox 1346 972 1401 1019; x_wconf 90' lang='lat' dir='ltr'><strong>et</strong></span> <span class='ocrx_word' id='word_1_63' title='bbox 1412 961 1862 1018; x_wconf 82' lang='lat' dir='ltr'><strong>Wormaciacen-</strong></span> 
     </span>
    </p>
   </div>
   <div class='ocr_carea' id='block_1_11' title="bbox 274 1051 1862 1125">
    <p class='ocr_par' dir='ltr' id='par_1_11' title="bbox 274 1051 1862 1125">
     <span class='ocr_line' id='line_1_11' title="bbox 274 1051 1862 1125; baseline -0.004 -13"><span class='ocrx_word' id='word_1_64' title='bbox 274 1071 352 1112; x_wconf 75' lang='lat' dir='ltr'><strong>sis</strong></span> <span class='ocrx_word' id='word_1_65' title='bbox 392 1056 684 1125; x_wconf 89' lang='lat' dir='ltr'><strong>episcopus</strong></span> <span class='ocrx_word' id='word_1_66' title='bbox 727 1062 922 1125; x_wconf 87' lang='lat' dir='ltr'><strong>captus</strong></span> <span class='ocrx_word' id='word_1_67' title='bbox 960 1063 1063 1110; x_wconf 87' lang='lat' dir='ltr'><strong>est.</strong></span> <span class='ocrx_word' id='word_1_68' title='bbox 1096 1052 1312 1109; x_wconf 82' lang='lat' dir='ltr'><strong>Inﬁnita</strong></span> <span class='ocrx_word' id='word_1_69' title='bbox 1343 1064 1526 1113; x_wconf 82' lang='lat' dir='ltr'><strong>autem</strong></span> <span class='ocrx_word' id='word_1_70' title='bbox 1561 1051 1862 1109; x_wconf 70' lang='lat' dir='ltr'><strong>multitudo</strong></span> 
     </span>
    </p>
   </div>
   <div class='ocr_carea' id='block_1_12' title="bbox 274 1146 1862 1217">
    <p class='ocr_par' dir='ltr' id='par_1_12' title="bbox 274 1146 1862 1217">
     <span class='ocr_line' id='line_1_12' title="bbox 274 1146 1862 1217; baseline -0.002 -16"><span class='ocrx_word' id='word_1_71' title='bbox 274 1148 550 1217; x_wconf 81' lang='lat' dir='ltr'><strong>utrimque</strong></span> <span class='ocrx_word' id='word_1_72' title='bbox 591 1148 887 1202; x_wconf 88' lang='lat' dir='ltr'><strong>occubuit:</strong></span> <span class='ocrx_word' id='word_1_73' title='bbox 914 1147 1100 1217; x_wconf 79' lang='lat' dir='ltr'><strong>plures</strong></span> <span class='ocrx_word' id='word_1_74' title='bbox 1137 1155 1323 1201; x_wconf 88' lang='lat' dir='ltr'><strong>tamen</strong></span> <span class='ocrx_word' id='word_1_75' title='bbox 1362 1156 1417 1201; x_wconf 89' lang='lat' dir='ltr'><strong>et</strong></span> <span class='ocrx_word' id='word_1_76' title='bbox 1443 1146 1862 1205; x_wconf 78' lang='lat' dir='ltr'><strong>excellentiores</strong></span> 
     </span>
    </p>
   </div>
   <div class='ocr_carea' id='block_1_13' title="bbox 271 1235 1862 1308">
    <p class='ocr_par' dir='ltr' id='par_1_13' title="bbox 271 1235 1862 1308">
     <span class='ocr_line' id='line_1_13' title="bbox 271 1235 1862 1308; baseline -0.004 -14"><span class='ocrx_word' id='word_1_77' title='bbox 271 1254 339 1295; x_wconf 85' lang='lat' dir='ltr'><strong>ex</strong></span> <span class='ocrx_word' id='word_1_78' title='bbox 370 1245 521 1308; x_wconf 89' lang='lat' dir='ltr'><strong>parte</strong></span> <span class='ocrx_word' id='word_1_79' title='bbox 554 1237 813 1293; x_wconf 81' lang='lat' dir='ltr'><strong>Heinrici.</strong></span> <span class='ocrx_word' id='word_1_80' title='bbox 856 1237 1060 1294; x_wconf 84' lang='lat' dir='ltr'><strong>Eodem</strong></span> <span class='ocrx_word' id='word_1_81' title='bbox 1093 1247 1357 1308; x_wconf 89' lang='lat' dir='ltr'><strong>tempore,</strong></span> <span class='ocrx_word' id='word_1_82' title='bbox 1393 1251 1519 1292; x_wconf 89' lang='lat' dir='ltr'><strong>cum</strong></span> <span class='ocrx_word' id='word_1_83' title='bbox 1565 1235 1862 1292; x_wconf 82' lang='lat' dir='ltr'><strong>Alemanni</strong></span> 
     </span>
    </p>
   </div>
   <div class='ocr_carea' id='block_1_14' title="bbox 272 1328 1861 1401">
    <p class='ocr_par' dir='ltr' id='par_1_14' title="bbox 272 1328 1861 1401">
     <span class='ocr_line' id='line_1_14' title="bbox 272 1328 1861 1401; baseline -0.003 -16"><span class='ocrx_word' id='word_1_84' title='bbox 272 1329 419 1386; x_wconf 85' lang='lat' dir='ltr'><strong>facto</strong></span> <span class='ocrx_word' id='word_1_85' title='bbox 450 1330 690 1387; x_wconf 89' lang='lat' dir='ltr'><strong>exercitu</strong></span> <span class='ocrx_word' id='word_1_86' title='bbox 719 1330 786 1387; x_wconf 87' lang='lat' dir='ltr'><strong>ad</strong></span> <span class='ocrx_word' id='word_1_87' title='bbox 808 1330 1092 1386; x_wconf 90' lang='lat' dir='ltr'><strong>dominum</strong></span> <span class='ocrx_word' id='word_1_88' title='bbox 1121 1345 1283 1385; x_wconf 88' lang='lat' dir='ltr'><strong>suum</strong></span> <span class='ocrx_word' id='word_1_89' title='bbox 1306 1344 1491 1401; x_wconf 87' lang='lat' dir='ltr'><strong>regem</strong></span> <span class='ocrx_word' id='word_1_90' title='bbox 1517 1328 1587 1363; x_wconf 70' lang='grc'><strong>³³⁸</strong></span> <span class='ocrx_word' id='word_1_91' title='bbox 1608 1328 1861 1385; x_wconf 72' lang='lat' dir='ltr'><strong>Randol-</strong></span> 
     </span>
    </p>
   </div>
   <div class='ocr_carea' id='block_1_15' title="bbox 272 1420 1863 1493">
    <p class='ocr_par' dir='ltr' id='par_1_15' title="bbox 272 1420 1863 1493">
     <span class='ocr_line' id='line_1_15' title="bbox 272 1420 1863 1493; baseline -0.001 -17"><span class='ocrx_word' id='word_1_92' title='bbox 272 1420 391 1478; x_wconf 79' lang='lat' dir='ltr'><strong>funi</strong></span> <span class='ocrx_word' id='word_1_93' title='bbox 442 1430 818 1493; x_wconf 84' lang='lat' dir='ltr'><strong>properarent,</strong></span> <span class='ocrx_word' id='word_1_94' title='bbox 853 1437 992 1492; x_wconf 91' lang='lat' dir='ltr'><strong>pene</strong></span> <span class='ocrx_word' id='word_1_95' title='bbox 1034 1421 1102 1475; x_wconf 77' lang='grc'><strong>12</strong></span> <span class='ocrx_word' id='word_1_96' title='bbox 1148 1420 1299 1476; x_wconf 90' lang='lat' dir='ltr'><strong>milia</strong></span> <span class='ocrx_word' id='word_1_97' title='bbox 1344 1421 1620 1492; x_wconf 90' lang='lat' dir='ltr'><strong>conjurati</strong></span> <span class='ocrx_word' id='word_1_98' title='bbox 1668 1420 1863 1491; x_wconf 65' lang='grc' dir='ltr'><strong>θορυιὶ</strong></span> 
     </span>
    </p>
   </div>
   <div class='ocr_carea' id='block_1_16' title="bbox 272 1511 1861 1583">
    <p class='ocr_par' dir='ltr' id='par_1_16' title="bbox 272 1511 1861 1583">
     <span class='ocr_line' id='line_1_16' title="bbox 272 1511 1861 1583; baseline -0.001 -16"><span class='ocrx_word' id='word_1_99' title='bbox 272 1514 570 1569; x_wconf 80' lang='lat' dir='ltr'><strong>transitum</strong></span> <span class='ocrx_word' id='word_1_100' title='bbox 598 1512 843 1569; x_wconf 71' lang='lat' dir='ltr'><strong>Nectaraa</strong></span> <span class='ocrx_word' id='word_1_101' title='bbox 862 1513 930 1546; x_wconf 85' lang='grc'><strong>³⁸⁸</strong></span> <span class='ocrx_word' id='word_1_102' title='bbox 959 1512 1108 1568; x_wconf 81' lang='lat' dir='ltr'><strong>ﬂuvii</strong></span> <span class='ocrx_word' id='word_1_103' title='bbox 1128 1511 1236 1568; x_wconf 82' lang='lat' dir='ltr'><strong>illis</strong></span> <span class='ocrx_word' id='word_1_104' title='bbox 1279 1513 1625 1583; x_wconf 87' lang='lat' dir='ltr'><strong>prohibentia</strong></span> <span class='ocrx_word' id='word_1_105' title='bbox 1655 1513 1861 1582; x_wconf 81' lang='lat' dir='ltr'><strong>partim</strong></span> 
     </span>
    </p>
   </div>
   <div class='ocr_carea' id='block_1_17' title="bbox 268 1604 1862 1675">
    <p class='ocr_par' dir='ltr' id='par_1_17' title="bbox 268 1604 1862 1675">
     <span class='ocr_line' id='line_1_17' title="bbox 268 1604 1862 1675; baseline -0.001 -16"><span class='ocrx_word' id='word_1_106' title='bbox 268 1606 613 1672; x_wconf 88' lang='lat' dir='ltr'><strong>occiderunt,</strong></span> <span class='ocrx_word' id='word_1_107' title='bbox 625 1604 889 1675; x_wconf 87' lang='lat' dir='ltr'><strong>plurimos</strong></span> <span class='ocrx_word' id='word_1_108' title='bbox 906 1614 1087 1661; x_wconf 90' lang='lat' dir='ltr'><strong>autem</strong></span> <span class='ocrx_word' id='word_1_109' title='bbox 1108 1604 1520 1665; x_wconf 74' lang='lat' dir='ltr'><strong>misericordias</strong></span> <span class='ocrx_word' id='word_1_110' title='bbox 1528 1604 1862 1675; x_wconf 79' lang='lat' dir='ltr'><strong>castigando</strong></span> 
     </span>
    </p>
   </div>
   <div class='ocr_carea' id='block_1_18' title="bbox 266 1694 1862 1767">
    <p class='ocr_par' dir='ltr' id='par_1_18' title="bbox 266 1694 1862 1767">
     <span class='ocr_line' id='line_1_18' title="bbox 266 1694 1862 1767; baseline -0.002 -16"><span class='ocrx_word' id='word_1_111' title='bbox 266 1696 793 1752; x_wconf 84' lang='lat' dir='ltr'><strong>eunncbizavcruut.</strong></span> <span class='ocrx_word' id='word_1_112' title='bbox 827 1694 1030 1752; x_wconf 86' lang='lat' dir='ltr'><strong>Deinde</strong></span> <span class='ocrx_word' id='word_1_113' title='bbox 1056 1696 1332 1767; x_wconf 88' lang='lat' dir='ltr'><strong>quandam</strong></span> <span class='ocrx_word' id='word_1_114' title='bbox 1360 1696 1727 1752; x_wconf 86' lang='lat' dir='ltr'><strong>munitionem</strong></span> <span class='ocrx_word' id='word_1_115' title='bbox 1758 1695 1862 1749; x_wconf 85' lang='lat' dir='ltr'><strong>ini-</strong></span> 
     </span>
    </p>
   </div>
   <div class='ocr_carea' id='block_1_19' title="bbox 268 1785 1861 1860">
    <p class='ocr_par' dir='ltr' id='par_1_19' title="bbox 268 1785 1861 1860">
     <span class='ocr_line' id='line_1_19' title="bbox 268 1785 1861 1860; baseline 0.001 -19"><span class='ocrx_word' id='word_1_116' title='bbox 268 1788 543 1842; x_wconf 75' lang='lat' dir='ltr'><strong>micorum</strong></span> <span class='ocrx_word' id='word_1_117' title='bbox 563 1786 707 1844; x_wconf 90' lang='lat' dir='ltr'><strong>facto</strong></span> <span class='ocrx_word' id='word_1_118' title='bbox 727 1788 933 1860; x_wconf 90' lang='lat' dir='ltr'><strong>impetu</strong></span> <span class='ocrx_word' id='word_1_119' title='bbox 948 1799 1370 1859; x_wconf 87' lang='lat' dir='ltr'><strong>occupaverunt.</strong></span> <span class='ocrx_word' id='word_1_120' title='bbox 1394 1785 1672 1845; x_wconf 78' lang='lat' dir='ltr'><strong>Rondolfo</strong></span> <span class='ocrx_word' id='word_1_121' title='bbox 1695 1787 1861 1859; x_wconf 80' lang='lat' dir='ltr'><strong>igitur</strong></span> 
     </span>
    </p>
   </div>
   <div class='ocr_carea' id='block_1_20' title="bbox 269 1878 1862 1952">
    <p class='ocr_par' dir='ltr' id='par_1_20' title="bbox 269 1878 1862 1952">
     <span class='ocr_line' id='line_1_20' title="bbox 269 1878 1862 1952; baseline 0.001 -18"><span class='ocrx_word' id='word_1_122' title='bbox 269 1880 326 1934; x_wconf 90' lang='lat' dir='ltr'><strong>in</strong></span> <span class='ocrx_word' id='word_1_123' title='bbox 354 1879 657 1935; x_wconf 86' lang='lat' dir='ltr'><strong>Saxoniam</strong></span> <span class='ocrx_word' id='word_1_124' title='bbox 678 1895 920 1947; x_wconf 88' lang='lat' dir='ltr'><strong>reverso,</strong></span> <span class='ocrx_word' id='word_1_125' title='bbox 939 1878 1225 1937; x_wconf 86' lang='lat' dir='ltr'><strong>Heinricus</strong></span> <span class='ocrx_word' id='word_1_126' title='bbox 1243 1880 1533 1952; x_wconf 85' lang='lat' dir='ltr'><strong>derepente</strong></span> <span class='ocrx_word' id='word_1_127' title='bbox 1553 1880 1862 1936; x_wconf 80' lang='lat' dir='ltr'><strong>recollectis</strong></span> 
     </span>
    </p>
   </div>
   <div class='ocr_carea' id='block_1_21' title="bbox 270 1971 1861 2044">
    <p class='ocr_par' dir='ltr' id='par_1_21' title="bbox 270 1971 1861 2044">
     <span class='ocr_line' id='line_1_21' title="bbox 270 1971 1861 2044; baseline 0.001 -19"><span class='ocrx_word' id='word_1_128' title='bbox 270 1971 508 2037; x_wconf 87' lang='lat' dir='ltr'><strong>viribus,</strong></span> <span class='ocrx_word' id='word_1_129' title='bbox 560 1972 936 2028; x_wconf 79' lang='lat' dir='ltr'><strong>Alemanniam</strong></span> <span class='ocrx_word' id='word_1_130' title='bbox 989 1972 1193 2043; x_wconf 69' lang='lat' dir='ltr'><strong>praeda,</strong></span> <span class='ocrx_word' id='word_1_131' title='bbox 1224 1971 1369 2029; x_wconf 85' lang='lat' dir='ltr'><strong>ferro</strong></span> <span class='ocrx_word' id='word_1_132' title='bbox 1425 1982 1483 2029; x_wconf 89' lang='lat' dir='ltr'><strong>et</strong></span> <span class='ocrx_word' id='word_1_133' title='bbox 1520 1971 1663 2044; x_wconf 74' lang='lat' dir='ltr'><strong>igni,</strong></span> <span class='ocrx_word' id='word_1_134' title='bbox 1715 1971 1861 2027; x_wconf 89' lang='lat' dir='ltr'><strong>circa</strong></span> 
     </span>
    </p>
   </div>
   <div class='ocr_carea' id='block_1_22' title="bbox 269 2062 1861 2121">
    <p class='ocr_par' dir='ltr' id='par_1_22' title="bbox 269 2062 1861 2121">
     <span class='ocr_line' id='line_1_22' title="bbox 269 2062 1861 2121; baseline 0.003 -5"><span class='ocrx_word' id='word_1_135' title='bbox 269 2063 623 2118; x_wconf 81' lang='lat' dir='ltr'><strong>festivitatem</strong></span> <span class='ocrx_word' id='word_1_136' title='bbox 654 2064 901 2119; x_wconf 91' lang='lat' dir='ltr'><strong>omnium</strong></span> <span class='ocrx_word' id='word_1_137' title='bbox 938 2073 1255 2120; x_wconf 85' lang='lat' dir='ltr'><strong>sanctorum</strong></span> <span class='ocrx_word' id='word_1_138' title='bbox 1281 2064 1593 2121; x_wconf 83' lang='lat' dir='ltr'><strong>devastavit</strong></span> <span class='ocrx_word' id='word_1_139' title='bbox 1636 2062 1861 2120; x_wconf 85' lang='lat' dir='ltr'><strong>Terram</strong></span> 
     </span>
    </p>
   </div>
   <div class='ocr_carea' id='block_1_23' title="bbox 268 2154 1863 2226">
    <p class='ocr_par' dir='ltr' id='par_1_23' title="bbox 268 2154 1863 2226">
     <span class='ocr_line' id='line_1_23' title="bbox 268 2154 1863 2226; baseline 0.012 -21"><span class='ocrx_word' id='word_1_140' title='bbox 268 2155 341 2187; x_wconf 73' lang='grc'><strong><em>⁸⁸⁸</em></strong></span> <span class='ocrx_word' id='word_1_141' title='bbox 372 2154 626 2210; x_wconf 80' lang='lat' dir='ltr'><strong>videlicet</strong></span> <span class='ocrx_word' id='word_1_142' title='bbox 667 2154 1065 2212; x_wconf 84' lang='lat' dir='ltr'><strong>catholicorum</strong></span> <span class='ocrx_word' id='word_1_143' title='bbox 1109 2155 1310 2212; x_wconf 89' lang='lat' dir='ltr'><strong>ducum</strong></span> <span class='ocrx_word' id='word_1_144' title='bbox 1357 2154 1639 2212; x_wconf 72' lang='lat' dir='ltr'><strong>Berthaldl</strong></span> <span class='ocrx_word' id='word_1_145' title='bbox 1698 2163 1863 2226; x_wconf 73' lang='lat' dir='ltr'><strong>atque</strong></span> 
     </span>
    </p>
   </div>
   <div class='ocr_carea' id='block_1_24' title="bbox 268 2243 1862 2319">
    <p class='ocr_par' dir='ltr' id='par_1_24' title="bbox 268 2243 1862 2319">
     <span class='ocr_line' id='line_1_24' title="bbox 268 2243 1862 2319; baseline 0.003 -19"><span class='ocrx_word' id='word_1_146' title='bbox 268 2243 546 2301; x_wconf 83' lang='lat' dir='ltr'><strong>Welfonis</strong></span> <span class='ocrx_word' id='word_1_147' title='bbox 592 2254 647 2301; x_wconf 90' lang='lat' dir='ltr'><strong>et</strong></span> <span class='ocrx_word' id='word_1_148' title='bbox 687 2247 922 2302; x_wconf 90' lang='lat' dir='ltr'><strong>aliorum</strong></span> <span class='ocrx_word' id='word_1_149' title='bbox 958 2246 1133 2304; x_wconf 83' lang='lat' dir='ltr'><strong>sancti</strong></span> <span class='ocrx_word' id='word_1_150' title='bbox 1181 2245 1325 2303; x_wconf 88' lang='lat' dir='ltr'><strong>Petri</strong></span> <span class='ocrx_word' id='word_1_151' title='bbox 1370 2247 1617 2304; x_wconf 84' lang='lat' dir='ltr'><strong>ﬁdelium</strong></span> <span class='ocrx_word' id='word_1_152' title='bbox 1643 2248 1862 2319; x_wconf 81' lang='lat' dir='ltr'><strong>penitus</strong></span> 
     </span>
    </p>
   </div>
   <div class='ocr_carea' id='block_1_25' title="bbox 266 2337 1864 2412">
    <p class='ocr_par' dir='ltr' id='par_1_25' title="bbox 266 2337 1864 2412">
     <span class='ocr_line' id='line_1_25' title="bbox 266 2337 1864 2412; baseline 0.003 -20"><span class='ocrx_word' id='word_1_153' title='bbox 266 2337 544 2408; x_wconf 74' lang='lat' dir='ltr'><strong>dissipare</strong></span> <span class='ocrx_word' id='word_1_154' title='bbox 567 2352 860 2410; x_wconf 74' lang='lat' dir='ltr'><strong>aggressus</strong></span> <span class='ocrx_word' id='word_1_155' title='bbox 896 2347 999 2395; x_wconf 90' lang='lat' dir='ltr'><strong>est.</strong></span> <span class='ocrx_word' id='word_1_156' title='bbox 1029 2338 1182 2394; x_wconf 87' lang='lat' dir='ltr'><strong>Tunc</strong></span> <span class='ocrx_word' id='word_1_157' title='bbox 1210 2353 1430 2412; x_wconf 90' lang='lat' dir='ltr'><strong>quoque</strong></span> <span class='ocrx_word' id='word_1_158' title='bbox 1451 2355 1651 2411; x_wconf 85' lang='lat' dir='ltr'><strong>parum</strong></span> <span class='ocrx_word' id='word_1_159' title='bbox 1678 2341 1864 2397; x_wconf 87' lang='lat' dir='ltr'><strong>minus</strong></span> 
     </span>
    </p>
   </div>
   <div class='ocr_carea' id='block_1_26' title="bbox 266 2430 1863 2503">
    <p class='ocr_par' dir='ltr' id='par_1_26' title="bbox 266 2430 1863 2503">
     <span class='ocr_line' id='line_1_26' title="bbox 266 2430 1863 2503; baseline 0.004 -21"><span class='ocrx_word' id='word_1_160' title='bbox 266 2444 443 2498; x_wconf 87' lang='lat' dir='ltr'><strong>quam</strong></span> <span class='ocrx_word' id='word_1_161' title='bbox 468 2436 686 2485; x_wconf 85' lang='lat' dir='ltr'><strong>centum</strong></span> <span class='ocrx_word' id='word_1_162' title='bbox 705 2430 952 2487; x_wconf 63' lang='lat' dir='ltr'><strong>ecclesiae</strong></span> <span class='ocrx_word' id='word_1_163' title='bbox 979 2431 1034 2486; x_wconf 90' lang='lat' dir='ltr'><strong>in</strong></span> <span class='ocrx_word' id='word_1_164' title='bbox 1059 2430 1128 2465; x_wconf 81' lang='grc'><strong>³⁸⁷</strong></span> <span class='ocrx_word' id='word_1_165' title='bbox 1153 2430 1245 2488; x_wconf 85' lang='lat' dir='ltr'><strong>illa</strong></span> <span class='ocrx_word' id='word_1_166' title='bbox 1277 2432 1627 2503; x_wconf 81' lang='lat' dir='ltr'><strong>expeditione</strong></span> <span class='ocrx_word' id='word_1_167' title='bbox 1650 2431 1863 2488; x_wconf 66' lang='lat' dir='ltr'><strong>violatae</strong></span> 
     </span>
    </p>
   </div>
   <div class='ocr_carea' id='block_1_27' title="bbox 266 2518 1861 2595">
    <p class='ocr_par' dir='ltr' id='par_1_27' title="bbox 266 2518 1861 2595">
     <span class='ocr_line' id='line_1_27' title="bbox 266 2518 1861 2595; baseline 0.004 -22"><span class='ocrx_word' id='word_1_168' title='bbox 266 2527 425 2574; x_wconf 85' lang='lat' dir='ltr'><strong>sunt.</strong></span> <span class='ocrx_word' id='word_1_169' title='bbox 454 2518 660 2576; x_wconf 88' lang='lat' dir='ltr'><strong>Eodem</strong></span> <span class='ocrx_word' id='word_1_170' title='bbox 688 2522 854 2576; x_wconf 90' lang='lat' dir='ltr'><strong>etiam</strong></span> <span class='ocrx_word' id='word_1_171' title='bbox 884 2530 1126 2593; x_wconf 90' lang='lat' dir='ltr'><strong>tempore</strong></span> <span class='ocrx_word' id='word_1_172' title='bbox 1147 2538 1217 2579; x_wconf 87' lang='lat' dir='ltr'><strong>ex</strong></span> <span class='ocrx_word' id='word_1_173' title='bbox 1240 2533 1397 2595; x_wconf 86' lang='lat' dir='ltr'><strong>parte</strong></span> <span class='ocrx_word' id='word_1_174' title='bbox 1430 2522 1685 2580; x_wconf 80' lang='lat' dir='ltr'><strong>Roudolﬁ</strong></span> <span class='ocrx_word' id='word_1_175' title='bbox 1727 2523 1861 2580; x_wconf 86' lang='lat' dir='ltr'><strong>Ber-</strong></span> 
     </span>
    </p>
   </div>
   <div class='ocr_carea' id='block_1_28' title="bbox 266 2609 1857 2686">
    <p class='ocr_par' dir='ltr' id='par_1_28' title="bbox 266 2609 1857 2686">
     <span class='ocr_line' id='line_1_28' title="bbox 266 2609 1857 2686; baseline 0.004 -21"><span class='ocrx_word' id='word_1_176' title='bbox 266 2612 460 2667; x_wconf 86' lang='lat' dir='ltr'><strong>taldus</strong></span> <span class='ocrx_word' id='word_1_177' title='bbox 487 2609 900 2669; x_wconf 85' lang='lat' dir='ltr'><strong>Carintbiorum</strong></span> <span class='ocrx_word' id='word_1_178' title='bbox 928 2615 1060 2682; x_wconf 87' lang='lat' dir='ltr'><strong>dux,</strong></span> <span class='ocrx_word' id='word_1_179' title='bbox 1098 2615 1203 2686; x_wconf 70' lang='lat' dir='ltr'><strong>pia:</strong></span> <span class='ocrx_word' id='word_1_180' title='bbox 1228 2616 1534 2683; x_wconf 67' lang='lat' dir='ltr'><strong>memoris,</strong></span> <span class='ocrx_word' id='word_1_181' title='bbox 1562 2625 1617 2671; x_wconf 90' lang='lat' dir='ltr'><strong>et</strong></span> <span class='ocrx_word' id='word_1_182' title='bbox 1645 2613 1857 2672; x_wconf 80' lang='lat' dir='ltr'><strong>Heinri-</strong></span> 
     </span>
    </p>
   </div>
   <div class='ocr_carea' id='block_1_29' title="bbox 264 2702 1863 2776">
    <p class='ocr_par' dir='ltr' id='par_1_29' title="bbox 264 2702 1863 2776">
     <span class='ocr_line' id='line_1_29' title="bbox 264 2702 1863 2776; baseline 0.005 -21"><span class='ocrx_word' id='word_1_183' title='bbox 264 2716 371 2756; x_wconf 87' lang='lat' dir='ltr'><strong>cus</strong></span> <span class='ocrx_word' id='word_1_184' title='bbox 400 2702 674 2771; x_wconf 85' lang='lat' dir='ltr'><strong>marcbio,</strong></span> <span class='ocrx_word' id='word_1_185' title='bbox 721 2704 977 2761; x_wconf 90' lang='lat' dir='ltr'><strong>obierunt</strong></span> <span class='ocrx_word' id='word_1_186' title='bbox 1015 2704 1071 2760; x_wconf 92' lang='lat' dir='ltr'><strong>iu</strong></span> <span class='ocrx_word' id='word_1_187' title='bbox 1120 2720 1271 2776; x_wconf 86' lang='lat' dir='ltr'><strong>pace.</strong></span> <span class='ocrx_word' id='word_1_188' title='bbox 1323 2704 1494 2763; x_wconf 85' lang='lat' dir='ltr'><strong>Facto</strong></span> <span class='ocrx_word' id='word_1_189' title='bbox 1537 2716 1717 2763; x_wconf 90' lang='lat' dir='ltr'><strong>autem</strong></span> <span class='ocrx_word' id='word_1_190' title='bbox 1754 2707 1863 2763; x_wconf 83' lang='lat' dir='ltr'><strong>alio</strong></span> 
     </span>
    </p>
   </div>
   <div class='ocr_carea' id='block_1_30' title="bbox 264 2793 1863 2872">
    <p class='ocr_par' dir='ltr' id='par_1_30' title="bbox 264 2793 1863 2872">
     <span class='ocr_line' id='line_1_30' title="bbox 264 2793 1863 2872; baseline 0.005 -24"><span class='ocrx_word' id='word_1_191' title='bbox 264 2793 512 2850; x_wconf 87' lang='lat' dir='ltr'><strong>concilio</strong></span> <span class='ocrx_word' id='word_1_192' title='bbox 540 2793 749 2866; x_wconf 63' lang='lat' dir='ltr'><strong>Romae,</strong></span> <span class='ocrx_word' id='word_1_193' title='bbox 778 2798 865 2853; x_wconf 98' lang='grc'><strong>15.</strong></span> <span class='ocrx_word' id='word_1_194' title='bbox 909 2796 1028 2854; x_wconf 79' lang='lat' dir='ltr'><strong>Kal.</strong></span> <span class='ocrx_word' id='word_1_195' title='bbox 1071 2796 1326 2856; x_wconf 84' lang='lat' dir='ltr'><strong>Decemb.</strong></span> <span class='ocrx_word' id='word_1_196' title='bbox 1358 2797 1548 2872; x_wconf 83' lang='grc'><strong>(1510)</strong></span> <span class='ocrx_word' id='word_1_197' title='bbox 1578 2800 1863 2871; x_wconf 89' lang='lat' dir='ltr'><strong>utriusque</strong></span> 
     </span>
    </p>
   </div>
   <div class='ocr_carea' id='block_1_31' title="bbox 262 2884 1862 2963">
    <p class='ocr_par' dir='ltr' id='par_1_31' title="bbox 262 2884 1862 2963">
     <span class='ocr_line' id='line_1_31' title="bbox 262 2884 1862 2963; baseline 0.004 -25"><span class='ocrx_word' id='word_1_198' title='bbox 262 2885 423 2956; x_wconf 64' lang='lat' dir='ltr'><strong>regis</strong></span> <span class='ocrx_word' id='word_1_199' title='bbox 448 2884 613 2958; x_wconf 89' lang='lat' dir='ltr'><strong>legati</strong></span> <span class='ocrx_word' id='word_1_200' title='bbox 637 2888 762 2943; x_wconf 89' lang='lat' dir='ltr'><strong>licet</strong></span> <span class='ocrx_word' id='word_1_201' title='bbox 783 2902 895 2944; x_wconf 89' lang='lat' dir='ltr'><strong>non</strong></span> <span class='ocrx_word' id='word_1_202' title='bbox 917 2889 1106 2945; x_wconf 90' lang='lat' dir='ltr'><strong>eadem</strong></span> <span class='ocrx_word' id='word_1_203' title='bbox 1129 2890 1357 2946; x_wconf 82' lang='lat' dir='ltr'><strong>veritate</strong></span> <span class='ocrx_word' id='word_1_204' title='bbox 1381 2890 1435 2945; x_wconf 93' lang='lat' dir='ltr'><strong>in</strong></span> <span class='ocrx_word' id='word_1_205' title='bbox 1458 2891 1676 2963; x_wconf 81' lang='lat' dir='ltr'><strong>synodo</strong></span> <span class='ocrx_word' id='word_1_206' title='bbox 1708 2891 1862 2962; x_wconf 85' lang='lat' dir='ltr'><strong>jura-</strong></span> 
     </span>
    </p>
   </div>
   <div class='ocr_carea' id='block_1_32' title="bbox 261 2977 1861 3052">
    <p class='ocr_par' dir='ltr' id='par_1_32' title="bbox 261 2977 1861 3052">
     <span class='ocr_line' id='line_1_32' title="bbox 261 2977 1861 3052; baseline 0.005 -23"><span class='ocrx_word' id='word_1_207' title='bbox 261 2990 425 3043; x_wconf 88' lang='lat' dir='ltr'><strong>vere,</strong></span> <span class='ocrx_word' id='word_1_208' title='bbox 451 2977 597 3047; x_wconf 90' lang='lat' dir='ltr'><strong>quod</strong></span> <span class='ocrx_word' id='word_1_209' title='bbox 619 2978 825 3036; x_wconf 88' lang='lat' dir='ltr'><strong>domini</strong></span> <span class='ocrx_word' id='word_1_210' title='bbox 849 2994 1040 3037; x_wconf 91' lang='lat' dir='ltr'><strong>eorum</strong></span> <span class='ocrx_word' id='word_1_211' title='bbox 1072 2996 1184 3038; x_wconf 91' lang='lat' dir='ltr'><strong>non</strong></span> <span class='ocrx_word' id='word_1_212' title='bbox 1222 2982 1573 3052; x_wconf 86' lang='lat' dir='ltr'><strong>impedierint</strong></span> <span class='ocrx_word' id='word_1_213' title='bbox 1593 2982 1663 3016; x_wconf 81' lang='grc'><strong>³⁸⁸</strong></span> <span class='ocrx_word' id='word_1_214' title='bbox 1690 2982 1861 3039; x_wconf 87' lang='lat' dir='ltr'><strong>collo-</strong></span> 
     </span>
    </p>
   </div>
   <div class='ocr_carea' id='block_1_33' title="bbox 261 3067 1931 3171">
    <p class='ocr_par' dir='ltr' id='par_1_33' title="bbox 261 3067 1931 3171">
     <span class='ocr_line' id='line_1_33' title="bbox 261 3067 1931 3171; baseline 0.007 -51"><span class='ocrx_word' id='word_1_215' title='bbox 261 3067 471 3168; x_wconf 67' lang='lat' dir='ltr'><strong>quium</strong></span> <span class='ocrx_word' id='word_1_216' title='bbox 501 3083 600 3171; x_wconf 77' lang='lat' dir='ltr'><strong>pro</strong></span> <span class='ocrx_word' id='word_1_217' title='bbox 642 3084 996 3171; x_wconf 56' lang='lat' dir='ltr'><strong>causai-egon</strong></span> <span class='ocrx_word' id='word_1_218' title='bbox 1041 3073 1412 3171; x_wconf 83' lang='lat' dir='ltr'><strong>statuendum.</strong></span> <span class='ocrx_word' id='word_1_219' title='bbox 1454 3071 1613 3130; x_wconf 86' lang='lat' dir='ltr'><strong>Unde</strong></span> <span class='ocrx_word' id='word_1_220' title='bbox 1640 3083 1862 3171; x_wconf 77' lang='lat' dir='ltr'><strong>et-papa</strong></span> <span class='ocrx_word' id='word_1_221' title='bbox 1888 3116 1931 3171; x_wconf 64' lang='grc' dir='ltr'>Ο</span> 
     </span>
    </p>
   </div>
   <div class='ocr_carea' id='block_1_34' title="bbox 259 3158 1863 3235">
    <p class='ocr_par' dir='ltr' id='par_1_34' title="bbox 259 3158 1863 3235">
     <span class='ocr_line' id='line_1_34' title="bbox 259 3158 1863 3235; baseline 0.005 -23"><span class='ocrx_word' id='word_1_222' title='bbox 259 3168 333 3212; x_wconf 86' lang='lat' dir='ltr'><strong>ea</strong></span> <span class='ocrx_word' id='word_1_223' title='bbox 363 3158 494 3214; x_wconf 89' lang='lat' dir='ltr'><strong>vice</strong></span> <span class='ocrx_word' id='word_1_224' title='bbox 527 3159 668 3215; x_wconf 88' lang='lat' dir='ltr'><strong>inter</strong></span> <span class='ocrx_word' id='word_1_225' title='bbox 691 3176 787 3217; x_wconf 90' lang='lat' dir='ltr'><strong>eos</strong></span> <span class='ocrx_word' id='word_1_226' title='bbox 809 3161 1055 3233; x_wconf 83' lang='lat' dir='ltr'><strong>judicare</strong></span> <span class='ocrx_word' id='word_1_227' title='bbox 1077 3178 1185 3219; x_wconf 92' lang='lat' dir='ltr'><strong>non</strong></span> <span class='ocrx_word' id='word_1_228' title='bbox 1211 3164 1387 3234; x_wconf 88' lang='lat' dir='ltr'><strong>potuit</strong></span> <span class='ocrx_word' id='word_1_229' title='bbox 1412 3183 1425 3219; x_wconf 91' lang='lat'><strong>:</strong></span> <span class='ocrx_word' id='word_1_230' title='bbox 1448 3165 1705 3235; x_wconf 81' lang='lat' dir='ltr'><strong>quamvis</strong></span> <span class='ocrx_word' id='word_1_231' title='bbox 1725 3166 1863 3221; x_wconf 90' lang='lat' dir='ltr'><strong>bene</strong></span> 
     </span>
    </p>
   </div>
   <div class='ocr_carea' id='block_1_35' title="bbox 260 3249 1862 3324">
    <p class='ocr_par' dir='ltr' id='par_1_35' title="bbox 260 3249 1862 3324">
     <span class='ocr_line' id='line_1_35' title="bbox 260 3249 1862 3324; baseline 0.005 -21"><span class='ocrx_word' id='word_1_232' title='bbox 260 3249 581 3314; x_wconf 87' lang='lat' dir='ltr'><strong>sciret,-cui</strong></span> <span class='ocrx_word' id='word_1_233' title='bbox 604 3252 747 3321; x_wconf 86' lang='lat' dir='ltr'><strong>parti</strong></span> <span class='ocrx_word' id='word_1_234' title='bbox 767 3253 942 3323; x_wconf 89' lang='lat' dir='ltr'><strong>magis</strong></span> <span class='ocrx_word' id='word_1_235' title='bbox 957 3252 1179 3324; x_wconf 91' lang='lat' dir='ltr'><strong>justicia</strong></span> <span class='ocrx_word' id='word_1_236' title='bbox 1200 3253 1422 3310; x_wconf 80' lang='lat' dir='ltr'><strong>faveret.</strong></span> <span class='ocrx_word' id='word_1_237' title='bbox 1456 3255 1519 3311; x_wconf 88' lang='lat' dir='ltr'><strong>lu</strong></span> <span class='ocrx_word' id='word_1_238' title='bbox 1543 3256 1740 3312; x_wconf 89' lang='lat' dir='ltr'><strong>sinodo</strong></span> <span class='ocrx_word' id='word_1_239' title='bbox 1757 3257 1862 3313; x_wconf 90' lang='lat' dir='ltr'><strong>ista</strong></span> 
     </span>
    </p>
   </div>
   <div class='ocr_carea' id='block_1_36' title="bbox 259 3339 1862 3418">
    <p class='ocr_par' dir='ltr' id='par_1_36' title="bbox 259 3339 1862 3418">
     <span class='ocr_line' id='line_1_36' title="bbox 259 3339 1862 3418; baseline 0.004 -21"><span class='ocrx_word' id='word_1_240' title='bbox 259 3339 634 3412; x_wconf 85' lang='lat' dir='ltr'><strong>Beringarius</strong></span> <span class='ocrx_word' id='word_1_241' title='bbox 658 3344 1067 3418; x_wconf 80' lang='lat' dir='ltr'><strong>Andegavensis</strong></span> <span class='ocrx_word' id='word_1_242' title='bbox 1086 3346 1155 3379; x_wconf 85' lang='grc'><strong>³⁸⁹</strong></span> <span class='ocrx_word' id='word_1_243' title='bbox 1173 3348 1495 3414; x_wconf 89' lang='lat' dir='ltr'><strong>canonicus,</strong></span> <span class='ocrx_word' id='word_1_244' title='bbox 1522 3355 1589 3404; x_wconf 79' lang='lat' dir='ltr'><strong>ut</strong></span> <span class='ocrx_word' id='word_1_245' title='bbox 1611 3348 1681 3382; x_wconf 80' lang='lat'><strong>”’</strong></span> <span class='ocrx_word' id='word_1_246' title='bbox 1701 3350 1771 3405; x_wconf 90' lang='lat' dir='ltr'><strong>ab</strong></span> <span class='ocrx_word' id='word_1_247' title='bbox 1793 3349 1862 3383; x_wconf 82' lang='grc'><strong><em>³³⁸</em></strong></span> 
     </span>
    </p>
   </div>
   <div class='ocr_carea' id='block_1_37' title="bbox 260 3431 1865 3508">
    <p class='ocr_par' dir='ltr' id='par_1_37' title="bbox 260 3431 1865 3508">
     <span class='ocr_line' id='line_1_37' title="bbox 260 3431 1865 3508; baseline 0.005 -21"><span class='ocrx_word' id='word_1_248' title='bbox 260 3431 465 3488; x_wconf 81' lang='lat' dir='ltr'><strong>heresi</strong></span> <span class='ocrx_word' id='word_1_249' title='bbox 486 3432 556 3466; x_wconf 79' lang='lat'><strong>“&#39;</strong></span> <span class='ocrx_word' id='word_1_250' title='bbox 582 3450 683 3490; x_wconf 88' lang='lat' dir='ltr'><strong>sua</strong></span> <span class='ocrx_word' id='word_1_251' title='bbox 710 3436 777 3471; x_wconf 81' lang='grc'><strong>⁸⁸³</strong></span> <span class='ocrx_word' id='word_1_252' title='bbox 806 3436 1252 3508; x_wconf 74' lang='lat' dir='ltr'><strong>resipisceret&#39;”,</strong></span> <span class='ocrx_word' id='word_1_253' title='bbox 1287 3437 1609 3494; x_wconf 88' lang='lat' dir='ltr'><strong>sinodaliter</strong></span> <span class='ocrx_word' id='word_1_254' title='bbox 1638 3439 1706 3475; x_wconf 78' lang='grc'><strong>³⁸·</strong></span> <span class='ocrx_word' id='word_1_255' title='bbox 1732 3454 1865 3495; x_wconf 88' lang='lat' dir='ltr'><strong>con-</strong></span> 
     </span>
    </p>
   </div>
   <div class='ocr_carea' id='block_1_38' title="bbox 259 3522 1863 3599">
    <p class='ocr_par' dir='ltr' id='par_1_38' title="bbox 259 3522 1863 3599">
     <span class='ocr_line' id='line_1_38' title="bbox 259 3522 1863 3599; baseline 0.006 -24"><span class='ocrx_word' id='word_1_256' title='bbox 259 3522 502 3577; x_wconf 84' lang='lat' dir='ltr'><strong>venitur</strong></span> <span class='ocrx_word' id='word_1_257' title='bbox 522 3523 611 3590; x_wconf 87' lang='grc'><strong>³⁸⁹,</strong></span> <span class='ocrx_word' id='word_1_258' title='bbox 634 3524 794 3596; x_wconf 86' lang='lat' dir='ltr'><strong>eique</strong></span> <span class='ocrx_word' id='word_1_259' title='bbox 818 3525 1049 3582; x_wconf 69' lang='lat' dir='ltr'><strong>induciae</strong></span> <span class='ocrx_word' id='word_1_260' title='bbox 1068 3542 1240 3599; x_wconf 87' lang='lat' dir='ltr'><strong>usque</strong></span> <span class='ocrx_word' id='word_1_261' title='bbox 1261 3528 1328 3583; x_wconf 90' lang='lat' dir='ltr'><strong>ad</strong></span> <span class='ocrx_word' id='word_1_262' title='bbox 1350 3529 1598 3599; x_wconf 80' lang='lat' dir='ltr'><strong>proxime</strong></span> <span class='ocrx_word' id='word_1_263' title='bbox 1622 3528 1863 3585; x_wconf 76' lang='lat' dir='ltr'><strong>futuram</strong></span> 
     </span>
    </p>
   </div>
   <div class='ocr_carea' id='block_1_39' title="bbox 260 3612 1171 3687">
    <p class='ocr_par' dir='ltr' id='par_1_39' title="bbox 260 3612 1171 3687">
     <span class='ocr_line' id='line_1_39' title="bbox 260 3612 1171 3687; baseline 0.004 -20"><span class='ocrx_word' id='word_1_264' title='bbox 260 3612 543 3669; x_wconf 86' lang='lat' dir='ltr'><strong>sinodum</strong></span> <span class='ocrx_word' id='word_1_265' title='bbox 566 3615 942 3670; x_wconf 89' lang='lat' dir='ltr'><strong>conceduntur</strong></span> <span class='ocrx_word' id='word_1_266' title='bbox 967 3615 1171 3687; x_wconf 87' lang='grc'><strong>(1511).</strong></span> 
     </span>
    </p>
   </div>
   <div class='ocr_carea' id='block_1_40' title="bbox 920 3706 1213 3764">
    <p class='ocr_par' dir='ltr' id='par_1_40' title="bbox 920 3706 1213 3764">
     <span class='ocr_line' id='line_1_40' title="bbox 920 3706 1213 3764; baseline 0.003 -2"><span class='ocrx_word' id='word_1_267' title='bbox 920 3706 1213 3764; x_wconf 77' lang='lat' dir='ltr'><strong>MLXXIX.</strong></span> 
     </span>
    </p>
   </div>
   <div class='ocr_carea' id='block_1_41' title="bbox 338 3794 1867 3869">
    <p class='ocr_par' dir='ltr' id='par_1_41' title="bbox 338 3794 1867 3869">
     <span class='ocr_line' id='line_1_41' title="bbox 338 3794 1867 3869; baseline 0.006 -19"><span class='ocrx_word' id='word_1_268' title='bbox 338 3794 659 3866; x_wconf 76' lang='lat' dir='ltr'><strong>Gregorius</strong></span> <span class='ocrx_word' id='word_1_269' title='bbox 681 3813 821 3869; x_wconf 89' lang='lat' dir='ltr'><strong>papa</strong></span> <span class='ocrx_word' id='word_1_270' title='bbox 841 3798 1096 3855; x_wconf 89' lang='lat' dir='ltr'><strong>sinodum</strong></span> <span class='ocrx_word' id='word_1_271' title='bbox 1123 3799 1312 3856; x_wconf 68' lang='lat' dir='ltr'><strong>Romae</strong></span> <span class='ocrx_word' id='word_1_272' title='bbox 1349 3815 1541 3857; x_wconf 88' lang='lat' dir='ltr'><strong>mense</strong></span> <span class='ocrx_word' id='word_1_273' title='bbox 1564 3801 1867 3867; x_wconf 86' lang='lat' dir='ltr'><strong>Februario</strong></span> 
     </span>
    </p>
   </div>
   <div class='ocr_carea' id='block_1_42' title="bbox 256 3888 1866 3964">
    <p class='ocr_par' dir='ltr' id='par_1_42' title="bbox 256 3888 1866 3964">
     <span class='ocr_line' id='line_1_42' title="bbox 256 3888 1866 3964; baseline -0.01 -19"><span class='ocrx_word' id='word_1_274' title='bbox 256 3888 505 3961; x_wconf 88' lang='lat' dir='ltr'><strong>collegit</strong></span> <span class='ocrx_word' id='word_1_275' title='bbox 519 3889 727 3959; x_wconf 79' lang='grc'><strong>(1512),</strong></span> <span class='ocrx_word' id='word_1_276' title='bbox 741 3889 915 3962; x_wconf 88' lang='lat' dir='ltr'><strong>inqua</strong></span> <span class='ocrx_word' id='word_1_277' title='bbox 937 3890 1490 3964; x_wconf 69' lang='lat' dir='ltr'><strong>Beringariusmjam</strong></span> <span class='ocrx_word' id='word_1_278' title='bbox 1507 3893 1577 3926; x_wconf 71' lang='grc' dir='ltr'><strong>πο</strong></span> <span class='ocrx_word' id='word_1_279' title='bbox 1599 3894 1769 3957; x_wconf 49' lang='grc' dir='ltr'><strong>ιβτείο</strong></span> <span class='ocrx_word' id='word_1_280' title='bbox 1797 3894 1866 3957; x_wconf 70' lang='lat' dir='ltr'><strong>tu</strong></span> 
     </span>
    </p>
   </div>
   <div class='ocr_carea' id='block_1_43' title="bbox 255 3979 1867 4053">
    <p class='ocr_par' dir='ltr' id='par_1_43' title="bbox 255 3979 1867 4053">
     <span class='ocr_line' id='line_1_43' title="bbox 255 3979 1867 4053; baseline 0.001 -16"><span class='ocrx_word' id='word_1_281' title='bbox 255 3979 573 4037; x_wconf 75' lang='lat' dir='ltr'><strong>convictus</strong></span> <span class='ocrx_word' id='word_1_282' title='bbox 614 3981 682 4013; x_wconf 80' lang='grc'><strong>⁸⁵⁸</strong></span> <span class='ocrx_word' id='word_1_283' title='bbox 716 3981 952 4037; x_wconf 87' lang='lat' dir='ltr'><strong>heresim</strong></span> <span class='ocrx_word' id='word_1_284' title='bbox 973 3981 1043 4015; x_wconf 77' lang='grc'><strong>⁸⁸⁸</strong></span> <span class='ocrx_word' id='word_1_285' title='bbox 1057 3996 1216 4037; x_wconf 88' lang='lat' dir='ltr'><strong>suam</strong></span> <span class='ocrx_word' id='word_1_286' title='bbox 1236 3981 1307 4014; x_wconf 79' lang='grc'><strong>³⁸⁸</strong></span> <span class='ocrx_word' id='word_1_287' title='bbox 1326 3980 1601 4053; x_wconf 88' lang='lat' dir='ltr'><strong>abjuravit</strong></span> <span class='ocrx_word' id='word_1_288' title='bbox 1620 3981 1690 4016; x_wconf 83' lang='grc'><strong><em>⁸⁸⁸</em></strong></span> <span class='ocrx_word' id='word_1_289' title='bbox 1722 3991 1778 4039; x_wconf 89' lang='lat' dir='ltr'><strong>et</strong></span> <span class='ocrx_word' id='word_1_290' title='bbox 1797 3983 1867 4016; x_wconf 79' lang='grc'><strong>⁸⁸⁸</strong></span> 
     </span>
    </p>
   </div>
   <div class='ocr_carea' id='block_1_44' title="bbox 254 4071 1867 4145">
    <p class='ocr_par' dir='ltr' id='par_1_44' title="bbox 254 4071 1867 4145">
     <span class='ocr_line' id='line_1_44' title="bbox 254 4071 1867 4145; baseline 0.002 -17"><span class='ocrx_word' id='word_1_291' title='bbox 254 4071 769 4129; x_wconf 81' lang='lat' dir='ltr'><strong>anathematizavit</strong></span> <span class='ocrx_word' id='word_1_292' title='bbox 804 4072 873 4106; x_wconf 76' lang='grc'><strong><em>³⁸⁸</em></strong></span> <span class='ocrx_word' id='word_1_293' title='bbox 904 4087 1028 4145; x_wconf 77' lang='lat' dir='ltr'><strong>qua:</strong></span> <span class='ocrx_word' id='word_1_294' title='bbox 1072 4073 1308 4130; x_wconf 87' lang='lat' dir='ltr'><strong>asserit:</strong></span> <span class='ocrx_word' id='word_1_295' title='bbox 1332 4074 1646 4144; x_wconf 82' lang='lat' dir='ltr'><strong>corporales</strong></span> <span class='ocrx_word' id='word_1_296' title='bbox 1686 4090 1776 4131; x_wconf 88' lang='lat' dir='ltr'><strong>res</strong></span> <span class='ocrx_word' id='word_1_297' title='bbox 1810 4075 1867 4131; x_wconf 90' lang='lat' dir='ltr'><strong>in</strong></span> 
     </span>
    </p>
   </div>
   <div class='ocr_carea' id='block_1_45' title="bbox 253 4165 1867 4238">
    <p class='ocr_par' dir='ltr' id='par_1_45' title="bbox 253 4165 1867 4238">
     <span class='ocr_line' id='line_1_45' title="bbox 253 4165 1867 4238; baseline 0 -15"><span class='ocrx_word' id='word_1_298' title='bbox 253 4166 447 4224; x_wconf 84' lang='lat' dir='ltr'><strong>altari</strong></span> <span class='ocrx_word' id='word_1_299' title='bbox 469 4166 681 4237; x_wconf 88' lang='lat' dir='ltr'><strong>positas</strong></span> <span class='ocrx_word' id='word_1_300' title='bbox 706 4181 817 4222; x_wconf 90' lang='lat' dir='ltr'><strong>non</strong></span> <span class='ocrx_word' id='word_1_301' title='bbox 838 4166 906 4199; x_wconf 79' lang='lat'><strong>”&#39;</strong></span> <span class='ocrx_word' id='word_1_302' title='bbox 917 4181 1044 4223; x_wconf 86' lang='lat' dir='ltr'><strong>vere</strong></span> <span class='ocrx_word' id='word_1_303' title='bbox 1056 4166 1126 4199; x_wconf 82' lang='grc'><strong>³⁸⁸</strong></span> <span class='ocrx_word' id='word_1_304' title='bbox 1137 4165 1233 4223; x_wconf 85' lang='lat' dir='ltr'><strong>sed</strong></span> <span class='ocrx_word' id='word_1_305' title='bbox 1246 4166 1315 4199; x_wconf 81' lang='grc'><strong>³⁸⁹</strong></span> <span class='ocrx_word' id='word_1_306' title='bbox 1326 4165 1556 4238; x_wconf 73' lang='lat' dir='ltr'><strong>figurate</strong></span> <span class='ocrx_word' id='word_1_307' title='bbox 1578 4174 1792 4223; x_wconf 90' lang='lat' dir='ltr'><strong>tantum</strong></span> <span class='ocrx_word' id='word_1_308' title='bbox 1811 4167 1867 4223; x_wconf 90' lang='lat' dir='ltr'><strong>in</strong></span> 
     </span>
    </p>
   </div>
   <div class='ocr_carea' id='block_1_46' title="bbox 253 4257 1868 4331">
    <p class='ocr_par' dir='ltr' id='par_1_46' title="bbox 253 4257 1868 4331">
     <span class='ocr_line' id='line_1_46' title="bbox 253 4257 1868 4331; baseline 0 -16"><span class='ocrx_word' id='word_1_309' title='bbox 253 4274 491 4331; x_wconf 86' lang='lat' dir='ltr'><strong>corpus</strong></span> <span class='ocrx_word' id='word_1_310' title='bbox 508 4266 565 4315; x_wconf 90' lang='lat' dir='ltr'><strong>et</strong></span> <span class='ocrx_word' id='word_1_311' title='bbox 585 4259 908 4331; x_wconf 87' lang='lat' dir='ltr'><strong>sanguinem</strong></span> <span class='ocrx_word' id='word_1_312' title='bbox 917 4258 1135 4314; x_wconf 86' lang='lat' dir='ltr'><strong>Domini</strong></span> <span class='ocrx_word' id='word_1_313' title='bbox 1148 4257 1437 4329; x_wconf 83' lang='lat' dir='ltr'><strong>transire(l</strong></span> <span class='ocrx_word' id='word_1_314' title='bbox 1446 4258 1509 4314; x_wconf 90' lang='grc'><strong>51</strong></span> <span class='ocrx_word' id='word_1_315' title='bbox 1518 4258 1593 4331; x_wconf 89' lang='grc'><strong>5).</strong></span> <span class='ocrx_word' id='word_1_316' title='bbox 1606 4257 1667 4315; x_wconf 78' lang='lat' dir='ltr'><strong>In</strong></span> <span class='ocrx_word' id='word_1_317' title='bbox 1679 4258 1868 4316; x_wconf 89' lang='lat' dir='ltr'><strong>eadem</strong></span> 
     </span>
    </p>
   </div>
   <div class='ocr_carea' id='block_1_47' title="bbox 1962 505 3545 580">
    <p class='ocr_par' dir='ltr' id='par_1_47' title="bbox 1962 505 3545 580">
     <span class='ocr_line' id='line_1_47' title="bbox 1962 505 3545 580; baseline 0.006 -20"><span class='ocrx_word' id='word_1_318' title='bbox 1962 508 2109 575; x_wconf 91' lang='lat' dir='ltr'><strong>quod</strong></span> <span class='ocrx_word' id='word_1_319' title='bbox 2145 506 2347 561; x_wconf 84' lang='lat' dir='ltr'><strong>dicitur</strong></span> <span class='ocrx_word' id='word_1_320' title='bbox 2371 508 2546 561; x_wconf 87' lang='lat' dir='ltr'><strong>sancti</strong></span> <span class='ocrx_word' id='word_1_321' title='bbox 2596 505 2875 563; x_wconf 88' lang='lat' dir='ltr'><strong>Oudalrici</strong></span> <span class='ocrx_word' id='word_1_322' title='bbox 2926 509 2994 563; x_wconf 91' lang='lat' dir='ltr'><strong>ad</strong></span> <span class='ocrx_word' id='word_1_323' title='bbox 3037 522 3233 580; x_wconf 88' lang='lat' dir='ltr'><strong>papam</strong></span> <span class='ocrx_word' id='word_1_324' title='bbox 3261 509 3545 569; x_wconf 82' lang='lat' dir='ltr'><strong>Nicolaum</strong></span> 
     </span>
    </p>
   </div>
   <div class='ocr_carea' id='block_1_48' title="bbox 1961 596 3551 671">
    <p class='ocr_par' dir='ltr' id='par_1_48' title="bbox 1961 596 3551 671">
     <span class='ocr_line' id='line_1_48' title="bbox 1961 596 3551 671; baseline 0.006 -20"><span class='ocrx_word' id='word_1_325' title='bbox 1961 596 2030 651; x_wconf 93' lang='lat' dir='ltr'><strong>de</strong></span> <span class='ocrx_word' id='word_1_326' title='bbox 2068 597 2274 667; x_wconf 86' lang='lat' dir='ltr'><strong>nuptiis</strong></span> <span class='ocrx_word' id='word_1_327' title='bbox 2302 597 2753 668; x_wconf 82' lang='lat' dir='ltr'><strong>presbiterorum,</strong></span> <span class='ocrx_word' id='word_1_328' title='bbox 2789 607 2845 655; x_wconf 87' lang='lat' dir='ltr'><strong>et</strong></span> <span class='ocrx_word' id='word_1_329' title='bbox 2874 601 3173 671; x_wconf 86' lang='lat' dir='ltr'><strong>capitulum</strong></span> <span class='ocrx_word' id='word_1_330' title='bbox 3212 601 3453 661; x_wconf 86' lang='lat' dir='ltr'><strong>Pafnutii</strong></span> <span class='ocrx_word' id='word_1_331' title='bbox 3483 606 3551 661; x_wconf 85' lang='lat' dir='ltr'><strong>de</strong></span> 
     </span>
    </p>
   </div>
   <div class='ocr_carea' id='block_1_49' title="bbox 1961 687 3548 764">
    <p class='ocr_par' dir='ltr' id='par_1_49' title="bbox 1961 687 3548 764">
     <span class='ocr_line' id='line_1_49' title="bbox 1961 687 3548 764; baseline 0.008 -23"><span class='ocrx_word' id='word_1_332' title='bbox 1961 687 2150 742; x_wconf 89' lang='lat' dir='ltr'><strong>eadem</strong></span> <span class='ocrx_word' id='word_1_333' title='bbox 2186 703 2266 754; x_wconf 86' lang='lat' dir='ltr'><strong>re,</strong></span> <span class='ocrx_word' id='word_1_334' title='bbox 2295 689 2464 744; x_wconf 88' lang='lat' dir='ltr'><strong>immo</strong></span> <span class='ocrx_word' id='word_1_335' title='bbox 2508 691 2692 745; x_wconf 88' lang='lat' dir='ltr'><strong>omnia</strong></span> <span class='ocrx_word' id='word_1_336' title='bbox 2731 691 2906 748; x_wconf 89' lang='lat' dir='ltr'><strong>sacris</strong></span> <span class='ocrx_word' id='word_1_337' title='bbox 2951 692 3256 751; x_wconf 87' lang='lat' dir='ltr'><strong>canonibus</strong></span> <span class='ocrx_word' id='word_1_338' title='bbox 3293 696 3548 764; x_wconf 87' lang='lat' dir='ltr'><strong>adversa,</strong></span> 
     </span>
    </p>
   </div>
   <div class='ocr_carea' id='block_1_50' title="bbox 1961 778 3553 859">
    <p class='ocr_par' dir='ltr' id='par_1_50' title="bbox 1961 778 3553 859">
     <span class='ocr_line' id='line_1_50' title="bbox 1961 778 3553 859; baseline 0.008 -28"><span class='ocrx_word' id='word_1_339' title='bbox 1961 779 2259 833; x_wconf 86' lang='lat' dir='ltr'><strong>damnavit.</strong></span> <span class='ocrx_word' id='word_1_340' title='bbox 2291 778 2346 834; x_wconf 93' lang='lat' dir='ltr'><strong>In</strong></span> <span class='ocrx_word' id='word_1_341' title='bbox 2379 780 2478 835; x_wconf 91' lang='lat' dir='ltr'><strong>hac</strong></span> <span class='ocrx_word' id='word_1_342' title='bbox 2503 781 2700 837; x_wconf 90' lang='lat' dir='ltr'><strong>sinodo</strong></span> <span class='ocrx_word' id='word_1_343' title='bbox 2728 782 2889 855; x_wconf 83' lang='lat' dir='ltr'><strong>legati</strong></span> <span class='ocrx_word' id='word_1_344' title='bbox 2917 785 3062 855; x_wconf 90' lang='lat' dir='ltr'><strong>regis</strong></span> <span class='ocrx_word' id='word_1_345' title='bbox 3102 784 3353 842; x_wconf 84' lang='lat' dir='ltr'><strong>Roudolﬁ</strong></span> <span class='ocrx_word' id='word_1_346' title='bbox 3384 804 3553 859; x_wconf 86' lang='lat' dir='ltr'><strong>super</strong></span> 
     </span>
    </p>
   </div>
   <div class='ocr_carea' id='block_1_51' title="bbox 1962 866 3545 955">
    <p class='ocr_par' dir='ltr' id='par_1_51' title="bbox 1962 866 3545 955">
     <span class='ocr_line' id='line_1_51' title="bbox 1962 866 3545 955; baseline 0.008 -32"><span class='ocrx_word' id='word_1_347' title='bbox 1962 866 2278 925; x_wconf 84' lang='lat' dir='ltr'><strong>Hcinricum</strong></span> <span class='ocrx_word' id='word_1_348' title='bbox 2313 873 2808 941; x_wconf 87' lang='lat' dir='ltr'><strong>proclamaverunt,</strong></span> <span class='ocrx_word' id='word_1_349' title='bbox 2838 890 2904 931; x_wconf 86' lang='lat' dir='ltr'><strong>eo</strong></span> <span class='ocrx_word' id='word_1_350' title='bbox 2939 875 3086 946; x_wconf 90' lang='lat' dir='ltr'><strong>quod</strong></span> <span class='ocrx_word' id='word_1_351' title='bbox 3111 886 3285 955; x_wconf 79' lang='lat' dir='ltr'><strong>totum</strong></span> <span class='ocrx_word' id='word_1_352' title='bbox 3318 895 3545 951; x_wconf 88' lang='lat' dir='ltr'><strong>regnum</strong></span> 
     </span>
    </p>
   </div>
   <div class='ocr_carea' id='block_1_52' title="bbox 1960 961 3546 1026">
    <p class='ocr_par' dir='ltr' id='par_1_52' title="bbox 1960 961 3546 1026">
     <span class='ocr_line' id='line_1_52' title="bbox 1960 961 3546 1026; baseline 0.006 -9"><span class='ocrx_word' id='word_1_353' title='bbox 1960 961 2296 1017; x_wconf 83' lang='lat' dir='ltr'><strong>confundere</strong></span> <span class='ocrx_word' id='word_1_354' title='bbox 2344 973 2396 1017; x_wconf 92' lang='lat' dir='ltr'><strong>et</strong></span> <span class='ocrx_word' id='word_1_355' title='bbox 2444 974 2690 1020; x_wconf 87' lang='lat' dir='ltr'><strong>sanctam</strong></span> <span class='ocrx_word' id='word_1_356' title='bbox 2741 967 3026 1023; x_wconf 87' lang='lat' dir='ltr'><strong>ecclesiam</strong></span> <span class='ocrx_word' id='word_1_357' title='bbox 3074 971 3397 1026; x_wconf 80' lang='lat' dir='ltr'><strong>conculcare</strong></span> <span class='ocrx_word' id='word_1_358' title='bbox 3436 986 3546 1026; x_wconf 92' lang='lat' dir='ltr'><strong>non</strong></span> 
     </span>
    </p>
   </div>
   <div class='ocr_carea' id='block_1_53' title="bbox 1961 1052 3545 1132">
    <p class='ocr_par' dir='ltr' id='par_1_53' title="bbox 1961 1052 3545 1132">
     <span class='ocr_line' id='line_1_53' title="bbox 1961 1052 3545 1132; baseline 0.006 -23"><span class='ocrx_word' id='word_1_359' title='bbox 1961 1065 2223 1109; x_wconf 85' lang='lat' dir='ltr'><strong>cessaret.</strong></span> <span class='ocrx_word' id='word_1_360' title='bbox 2256 1052 2454 1109; x_wconf 89' lang='lat' dir='ltr'><strong>lterum</strong></span> <span class='ocrx_word' id='word_1_361' title='bbox 2485 1055 2651 1127; x_wconf 83' lang='lat' dir='ltr'><strong>igitur</strong></span> <span class='ocrx_word' id='word_1_362' title='bbox 2684 1072 2824 1129; x_wconf 86' lang='lat' dir='ltr'><strong>papa</strong></span> <span class='ocrx_word' id='word_1_363' title='bbox 2855 1058 3065 1131; x_wconf 82' lang='lat' dir='ltr'><strong>legatos</strong></span> <span class='ocrx_word' id='word_1_364' title='bbox 3099 1076 3231 1116; x_wconf 90' lang='lat' dir='ltr'><strong>suos</strong></span> <span class='ocrx_word' id='word_1_365' title='bbox 3251 1076 3352 1132; x_wconf 91' lang='lat' dir='ltr'><strong>pro</strong></span> <span class='ocrx_word' id='word_1_366' title='bbox 3380 1078 3545 1118; x_wconf 91' lang='lat' dir='ltr'><strong>causa</strong></span> 
     </span>
    </p>
   </div>
   <div class='ocr_carea' id='block_1_54' title="bbox 1962 1145 3547 1223">
    <p class='ocr_par' dir='ltr' id='par_1_54' title="bbox 1962 1145 3547 1223">
     <span class='ocr_line' id='line_1_54' title="bbox 1962 1145 3547 1223; baseline 0.007 -24"><span class='ocrx_word' id='word_1_367' title='bbox 1962 1146 2114 1217; x_wconf 81' lang='lat' dir='ltr'><strong>regni</strong></span> <span class='ocrx_word' id='word_1_368' title='bbox 2142 1145 2554 1201; x_wconf 86' lang='lat' dir='ltr'><strong>determinanda</strong></span> <span class='ocrx_word' id='word_1_369' title='bbox 2578 1149 2643 1203; x_wconf 90' lang='lat' dir='ltr'><strong>ad</strong></span> <span class='ocrx_word' id='word_1_370' title='bbox 2667 1148 2997 1207; x_wconf 77' lang='lat' dir='ltr'><strong>Teutonicas</strong></span> <span class='ocrx_word' id='word_1_371' title='bbox 3025 1160 3208 1223; x_wconf 85' lang='lat' dir='ltr'><strong>partes</strong></span> <span class='ocrx_word' id='word_1_372' title='bbox 3235 1154 3547 1222; x_wconf 85' lang='lat' dir='ltr'><strong>destinavit,</strong></span> 
     </span>
    </p>
   </div>
   <div class='ocr_carea' id='block_1_55' title="bbox 1960 1235 3546 1317">
    <p class='ocr_par' dir='ltr' id='par_1_55' title="bbox 1960 1235 3546 1317">
     <span class='ocr_line' id='line_1_55' title="bbox 1960 1235 3546 1317; baseline 0.008 -27"><span class='ocrx_word' id='word_1_373' title='bbox 1960 1235 2212 1292; x_wconf 80' lang='lat' dir='ltr'><strong>videlicet</strong></span> <span class='ocrx_word' id='word_1_374' title='bbox 2239 1238 2603 1293; x_wconf 85' lang='lat' dir='ltr'><strong>venerabilem</strong></span> <span class='ocrx_word' id='word_1_375' title='bbox 2652 1238 2875 1295; x_wconf 87' lang='lat' dir='ltr'><strong>Petrum</strong></span> <span class='ocrx_word' id='word_1_376' title='bbox 2926 1242 3292 1299; x_wconf 84' lang='lat' dir='ltr'><strong>Albanensem</strong></span> <span class='ocrx_word' id='word_1_377' title='bbox 3330 1245 3546 1317; x_wconf 85' lang='lat' dir='ltr'><strong>episco-</strong></span> 
     </span>
    </p>
   </div>
   <div class='ocr_carea' id='block_1_56' title="bbox 1961 1326 3546 1402">
    <p class='ocr_par' dir='ltr' id='par_1_56' title="bbox 1961 1326 3546 1402">
     <span class='ocr_line' id='line_1_56' title="bbox 1961 1326 3546 1402; baseline 0.006 -20"><span class='ocrx_word' id='word_1_378' title='bbox 1961 1340 2113 1397; x_wconf 87' lang='lat' dir='ltr'><strong>pum,</strong></span> <span class='ocrx_word' id='word_1_379' title='bbox 2158 1326 2381 1383; x_wconf 88' lang='lat' dir='ltr'><strong>Petrum</strong></span> <span class='ocrx_word' id='word_1_380' title='bbox 2428 1329 2651 1399; x_wconf 89' lang='lat' dir='ltr'><strong>inquam</strong></span> <span class='ocrx_word' id='word_1_381' title='bbox 2684 1331 2859 1398; x_wconf 90' lang='lat' dir='ltr'><strong>illum,</strong></span> <span class='ocrx_word' id='word_1_382' title='bbox 2890 1332 2982 1402; x_wconf 88' lang='lat' dir='ltr'><strong>qui</strong></span> <span class='ocrx_word' id='word_1_383' title='bbox 3018 1334 3132 1402; x_wconf 90' lang='lat' dir='ltr'><strong>jam</strong></span> <span class='ocrx_word' id='word_1_384' title='bbox 3172 1334 3381 1390; x_wconf 91' lang='lat' dir='ltr'><strong>dudum</strong></span> <span class='ocrx_word' id='word_1_385' title='bbox 3418 1336 3546 1392; x_wconf 86' lang='lat' dir='ltr'><strong>Flo-</strong></span> 
     </span>
    </p>
   </div>
   <div class='ocr_carea' id='block_1_57' title="bbox 1962 1422 3550 1500">
    <p class='ocr_par' dir='ltr' id='par_1_57' title="bbox 1962 1422 3550 1500">
     <span class='ocr_line' id='line_1_57' title="bbox 1962 1422 3550 1500; baseline 0.004 -23"><span class='ocrx_word' id='word_1_386' title='bbox 1962 1422 2237 1477; x_wconf 88' lang='lat' dir='ltr'><strong>rentinum</strong></span> <span class='ocrx_word' id='word_1_387' title='bbox 2265 1422 2604 1493; x_wconf 84' lang='lat' dir='ltr'><strong>episcopum,</strong></span> <span class='ocrx_word' id='word_1_388' title='bbox 2642 1424 2863 1479; x_wconf 90' lang='lat' dir='ltr'><strong>nomine</strong></span> <span class='ocrx_word' id='word_1_389' title='bbox 2908 1423 3151 1494; x_wconf 87' lang='lat' dir='ltr'><strong>Petrum,</strong></span> <span class='ocrx_word' id='word_1_390' title='bbox 3183 1428 3431 1497; x_wconf 80' lang='lat' dir='ltr'><strong>probavit</strong></span> <span class='ocrx_word' id='word_1_391' title='bbox 3460 1422 3550 1500; x_wconf 62' lang='lat' dir='ltr'><strong>s&#39;y-</strong></span> 
     </span>
    </p>
   </div>
   <div class='ocr_carea' id='block_1_58' title="bbox 1962 1510 3550 1587">
    <p class='ocr_par' dir='ltr' id='par_1_58' title="bbox 1962 1510 3550 1587">
     <span class='ocr_line' id='line_1_58' title="bbox 1962 1510 3550 1587; baseline 0.006 -22"><span class='ocrx_word' id='word_1_392' title='bbox 1962 1510 2274 1567; x_wconf 88' lang='lat' dir='ltr'><strong>moniacum</strong></span> <span class='ocrx_word' id='word_1_393' title='bbox 2311 1529 2325 1565; x_wconf 91' lang='lat'>:</span> <span class='ocrx_word' id='word_1_394' title='bbox 2359 1511 2559 1583; x_wconf 87' lang='lat' dir='ltr'><strong>quippe</strong></span> <span class='ocrx_word' id='word_1_395' title='bbox 2609 1527 2707 1582; x_wconf 90' lang='lat' dir='ltr'><strong>per</strong></span> <span class='ocrx_word' id='word_1_396' title='bbox 2760 1513 3002 1570; x_wconf 89' lang='lat' dir='ltr'><strong>medium</strong></span> <span class='ocrx_word' id='word_1_397' title='bbox 3055 1514 3233 1587; x_wconf 89' lang='lat' dir='ltr'><strong>ignem</strong></span> <span class='ocrx_word' id='word_1_398' title='bbox 3276 1516 3550 1574; x_wconf 90' lang='lat' dir='ltr'><strong>transiens</strong></span> 
     </span>
    </p>
   </div>
   <div class='ocr_carea' id='block_1_59' title="bbox 1962 1602 3550 1678">
    <p class='ocr_par' dir='ltr' id='par_1_59' title="bbox 1962 1602 3550 1678">
     <span class='ocr_line' id='line_1_59' title="bbox 1962 1602 3550 1678; baseline 0.003 -21"><span class='ocrx_word' id='word_1_399' title='bbox 1962 1602 2169 1673; x_wconf 83' lang='lat' dir='ltr'><strong>absque</strong></span> <span class='ocrx_word' id='word_1_400' title='bbox 2188 1603 2415 1670; x_wconf 86' lang='lat' dir='ltr'><strong>lesione,</strong></span> <span class='ocrx_word' id='word_1_401' title='bbox 2440 1603 2584 1659; x_wconf 91' lang='lat' dir='ltr'><strong>unde</strong></span> <span class='ocrx_word' id='word_1_402' title='bbox 2605 1614 2658 1658; x_wconf 91' lang='lat' dir='ltr'><strong>et</strong></span> <span class='ocrx_word' id='word_1_403' title='bbox 2683 1604 2876 1675; x_wconf 91' lang='lat' dir='ltr'><strong>igneus</strong></span> <span class='ocrx_word' id='word_1_404' title='bbox 2902 1606 3247 1678; x_wconf 80' lang='lat' dir='ltr'><strong>cognomine,</strong></span> <span class='ocrx_word' id='word_1_405' title='bbox 3276 1607 3550 1662; x_wconf 73' lang='lat' dir='ltr'><strong>Albanc&#39;n-</strong></span> 
     </span>
    </p>
   </div>
   <div class='ocr_carea' id='block_1_60' title="bbox 1963 1694 3550 1767">
    <p class='ocr_par' dir='ltr' id='par_1_60' title="bbox 1963 1694 3550 1767">
     <span class='ocr_line' id='line_1_60' title="bbox 1963 1694 3550 1767; baseline 0.004 -20"><span class='ocrx_word' id='word_1_406' title='bbox 1963 1708 2078 1748; x_wconf 88' lang='lat' dir='ltr'><strong>sem</strong></span> <span class='ocrx_word' id='word_1_407' title='bbox 2104 1694 2478 1763; x_wconf 81' lang='lat' dir='ltr'><strong>episcopatum</strong></span> <span class='ocrx_word' id='word_1_408' title='bbox 2520 1696 2824 1765; x_wconf 88' lang='lat' dir='ltr'><strong>promeruit</strong></span> <span class='ocrx_word' id='word_1_409' title='bbox 2864 1697 3128 1751; x_wconf 88' lang='lat' dir='ltr'><strong>obtinere.</strong></span> <span class='ocrx_word' id='word_1_410' title='bbox 3175 1696 3313 1751; x_wconf 88' lang='lat' dir='ltr'><strong>Cum</strong></span> <span class='ocrx_word' id='word_1_411' title='bbox 3351 1713 3461 1767; x_wconf 92' lang='lat' dir='ltr'><strong>quo</strong></span> <span class='ocrx_word' id='word_1_412' title='bbox 3494 1708 3550 1753; x_wconf 89' lang='lat' dir='ltr'><strong>et</strong></span> 
     </span>
    </p>
   </div>
   <div class='ocr_carea' id='block_1_61' title="bbox 1894 1756 3547 1857">
    <p class='ocr_par' dir='ltr' id='par_1_61' title="bbox 1894 1756 3547 1857">
     <span class='ocr_line' id='line_1_61' title="bbox 1894 1756 3547 1857; baseline 0.004 -19"><span class='ocrx_word' id='word_1_413' title='bbox 1894 1756 1936 1811; x_wconf 76' lang='grc' dir='ltr'><strong>Β</strong></span> <span class='ocrx_word' id='word_1_414' title='bbox 1961 1756 2602 1841; x_wconf 48' lang='lat' dir='ltr'><strong>Oudalricus-Paduanus</strong></span> <span class='ocrx_word' id='word_1_415' title='bbox 2628 1786 2919 1856; x_wconf 87' lang='lat' dir='ltr'><strong>episcopus</strong></span> <span class='ocrx_word' id='word_1_416' title='bbox 2947 1786 3001 1841; x_wconf 91' lang='lat' dir='ltr'><strong>in</strong></span> <span class='ocrx_word' id='word_1_417' title='bbox 3025 1786 3346 1857; x_wconf 78' lang='lat' dir='ltr'><strong>legationem</strong></span> <span class='ocrx_word' id='word_1_418' title='bbox 3368 1756 3547 1844; x_wconf 70' lang='lat' dir='ltr'><strong>desti-</strong></span> 
     </span>
    </p>
   </div>
   <div class='ocr_carea' id='block_1_62' title="bbox 1961 1873 3550 1951">
    <p class='ocr_par' dir='ltr' id='par_1_62' title="bbox 1961 1873 3550 1951">
     <span class='ocr_line' id='line_1_62' title="bbox 1961 1873 3550 1951; baseline 0.003 -21"><span class='ocrx_word' id='word_1_419' title='bbox 1961 1884 2144 1930; x_wconf 89' lang='lat' dir='ltr'><strong>natur.</strong></span> <span class='ocrx_word' id='word_1_420' title='bbox 2192 1873 2428 1947; x_wconf 84' lang='lat' dir='ltr'><strong>Legatus</strong></span> <span class='ocrx_word' id='word_1_421' title='bbox 2474 1886 2654 1932; x_wconf 89' lang='lat' dir='ltr'><strong>autem</strong></span> <span class='ocrx_word' id='word_1_422' title='bbox 2701 1875 2963 1942; x_wconf 82' lang='lat' dir='ltr'><strong>Heinrici,</strong></span> <span class='ocrx_word' id='word_1_423' title='bbox 3013 1877 3222 1948; x_wconf 86' lang='lat' dir='ltr'><strong>legatos</strong></span> <span class='ocrx_word' id='word_1_424' title='bbox 3272 1879 3340 1911; x_wconf 82' lang='grc'><strong><em>⁸⁸⁸</em></strong></span> <span class='ocrx_word' id='word_1_425' title='bbox 3395 1894 3550 1951; x_wconf 66' lang='lat' dir='ltr'><strong>papae</strong></span> 
     </span>
    </p>
   </div>
   <div class='ocr_carea' id='block_1_63' title="bbox 1961 1966 3545 2042">
    <p class='ocr_par' dir='ltr' id='par_1_63' title="bbox 1961 1966 3545 2042">
     <span class='ocr_line' id='line_1_63' title="bbox 1961 1966 3545 2042; baseline 0.006 -22"><span class='ocrx_word' id='word_1_426' title='bbox 1961 1966 2282 2038; x_wconf 89' lang='lat' dir='ltr'><strong>priusquam</strong></span> <span class='ocrx_word' id='word_1_427' title='bbox 2312 1967 2525 2023; x_wconf 90' lang='lat' dir='ltr'><strong>abirent</strong></span> <span class='ocrx_word' id='word_1_428' title='bbox 2547 1969 2602 2023; x_wconf 93' lang='lat' dir='ltr'><strong>in</strong></span> <span class='ocrx_word' id='word_1_429' title='bbox 2630 1970 2820 2025; x_wconf 89' lang='lat' dir='ltr'><strong>eadem</strong></span> <span class='ocrx_word' id='word_1_430' title='bbox 2846 1970 3042 2026; x_wconf 90' lang='lat' dir='ltr'><strong>sinodo</strong></span> <span class='ocrx_word' id='word_1_431' title='bbox 3062 1970 3423 2042; x_wconf 85' lang='lat' dir='ltr'><strong>jurejurando</strong></span> <span class='ocrx_word' id='word_1_432' title='bbox 3454 1988 3545 2030; x_wconf 88' lang='lat' dir='ltr'><strong>se-</strong></span> 
     </span>
    </p>
   </div>
   <div class='ocr_carea' id='block_1_64' title="bbox 1960 2057 3547 2123">
    <p class='ocr_par' dir='ltr' id='par_1_64' title="bbox 1960 2057 3547 2123">
     <span class='ocr_line' id='line_1_64' title="bbox 1960 2057 3547 2123; baseline 0.006 -10"><span class='ocrx_word' id='word_1_433' title='bbox 1960 2074 2127 2113; x_wconf 91' lang='lat' dir='ltr'><strong>curos</strong></span> <span class='ocrx_word' id='word_1_434' title='bbox 2175 2057 2304 2113; x_wconf 89' lang='lat' dir='ltr'><strong>fecit</strong></span> <span class='ocrx_word' id='word_1_435' title='bbox 2344 2059 2412 2115; x_wconf 91' lang='lat' dir='ltr'><strong>de</strong></span> <span class='ocrx_word' id='word_1_436' title='bbox 2456 2062 2729 2116; x_wconf 90' lang='lat' dir='ltr'><strong>conductu</strong></span> <span class='ocrx_word' id='word_1_437' title='bbox 2781 2070 2836 2116; x_wconf 89' lang='lat' dir='ltr'><strong>et</strong></span> <span class='ocrx_word' id='word_1_438' title='bbox 2868 2063 3174 2120; x_wconf 88' lang='lat' dir='ltr'><strong>obedientia</strong></span> <span class='ocrx_word' id='word_1_439' title='bbox 3203 2064 3410 2120; x_wconf 88' lang='lat' dir='ltr'><strong>domini</strong></span> <span class='ocrx_word' id='word_1_440' title='bbox 3438 2066 3547 2123; x_wconf 87' lang='lat' dir='ltr'><strong>sui.</strong></span> 
     </span>
    </p>
   </div>
   <div class='ocr_carea' id='block_1_65' title="bbox 1962 2145 3547 2218">
    <p class='ocr_par' dir='ltr' id='par_1_65' title="bbox 1962 2145 3547 2218">
     <span class='ocr_line' id='line_1_65' title="bbox 1962 2145 3547 2218; baseline 0.008 -18"><span class='ocrx_word' id='word_1_441' title='bbox 1962 2145 2095 2201; x_wconf 88' lang='lat' dir='ltr'><strong>Item</strong></span> <span class='ocrx_word' id='word_1_442' title='bbox 2127 2147 2336 2218; x_wconf 88' lang='lat' dir='ltr'><strong>legatus</strong></span> <span class='ocrx_word' id='word_1_443' title='bbox 2375 2147 2628 2205; x_wconf 84' lang='lat' dir='ltr'><strong>Roudolﬁ</strong></span> <span class='ocrx_word' id='word_1_444' title='bbox 2671 2152 2739 2206; x_wconf 91' lang='lat' dir='ltr'><strong>de</strong></span> <span class='ocrx_word' id='word_1_445' title='bbox 2781 2152 3090 2209; x_wconf 89' lang='lat' dir='ltr'><strong>obedientia</strong></span> <span class='ocrx_word' id='word_1_446' title='bbox 3126 2153 3334 2210; x_wconf 90' lang='lat' dir='ltr'><strong>domini</strong></span> <span class='ocrx_word' id='word_1_447' title='bbox 3376 2155 3463 2211; x_wconf 90' lang='lat' dir='ltr'><strong>sui</strong></span> <span class='ocrx_word' id='word_1_448' title='bbox 3491 2154 3547 2212; x_wconf 85' lang='lat' dir='ltr'><strong>in</strong></span> 
     </span>
    </p>
   </div>
   <div class='ocr_carea' id='block_1_66' title="bbox 1962 2237 3551 2313">
    <p class='ocr_par' dir='ltr' id='par_1_66' title="bbox 1962 2237 3551 2313">
     <span class='ocr_line' id='line_1_66' title="bbox 1962 2237 3551 2313; baseline 0.005 -21"><span class='ocrx_word' id='word_1_449' title='bbox 1962 2237 2159 2292; x_wconf 89' lang='lat' dir='ltr'><strong>sinodo</strong></span> <span class='ocrx_word' id='word_1_450' title='bbox 2176 2238 2400 2307; x_wconf 85' lang='lat' dir='ltr'><strong>juravit.</strong></span> <span class='ocrx_word' id='word_1_451' title='bbox 2424 2238 2609 2311; x_wconf 89' lang='lat' dir='ltr'><strong>Legati</strong></span> <span class='ocrx_word' id='word_1_452' title='bbox 2634 2241 2798 2311; x_wconf 87' lang='lat' dir='ltr'><strong>igitur</strong></span> <span class='ocrx_word' id='word_1_453' title='bbox 2817 2243 2962 2299; x_wconf 91' lang='lat' dir='ltr'><strong>sedis</strong></span> <span class='ocrx_word' id='word_1_454' title='bbox 2984 2244 3295 2313; x_wconf 69' lang='lat' dir='ltr'><strong>apostolica:</strong></span> <span class='ocrx_word' id='word_1_455' title='bbox 3324 2245 3379 2299; x_wconf 92' lang='lat' dir='ltr'><strong>in</strong></span> <span class='ocrx_word' id='word_1_456' title='bbox 3406 2243 3551 2300; x_wconf 84' lang='lat' dir='ltr'><strong>Teu-</strong></span> 
     </span>
    </p>
   </div>
   <div class='ocr_carea' id='block_1_67' title="bbox 1962 2326 3547 2396">
    <p class='ocr_par' dir='ltr' id='par_1_67' title="bbox 1962 2326 3547 2396">
     <span class='ocr_line' id='line_1_67' title="bbox 1962 2326 3547 2396; baseline 0.006 -18"><span class='ocrx_word' id='word_1_457' title='bbox 1962 2326 2201 2380; x_wconf 87' lang='lat' dir='ltr'><strong>tonicam</strong></span> <span class='ocrx_word' id='word_1_458' title='bbox 2238 2334 2441 2380; x_wconf 89' lang='lat' dir='ltr'><strong>terram</strong></span> <span class='ocrx_word' id='word_1_459' title='bbox 2469 2329 2870 2396; x_wconf 82' lang='lat' dir='ltr'><strong>pervenientes,</strong></span> <span class='ocrx_word' id='word_1_460' title='bbox 2896 2331 3262 2386; x_wconf 89' lang='lat' dir='ltr'><strong>obedientiam</strong></span> <span class='ocrx_word' id='word_1_461' title='bbox 3295 2332 3547 2389; x_wconf 81' lang='lat' dir='ltr'><strong>Roudolﬁ</strong></span> 
     </span>
    </p>
   </div>
   <div class='ocr_carea' id='block_1_68' title="bbox 1961 2416 3547 2494">
    <p class='ocr_par' dir='ltr' id='par_1_68' title="bbox 1961 2416 3547 2494">
     <span class='ocr_line' id='line_1_68' title="bbox 1961 2416 3547 2494; baseline 0.005 -22"><span class='ocrx_word' id='word_1_462' title='bbox 1961 2424 2018 2472; x_wconf 74' lang='lat' dir='ltr'><strong>et</strong></span> <span class='ocrx_word' id='word_1_463' title='bbox 2041 2416 2467 2471; x_wconf 88' lang='lat' dir='ltr'><strong>inobedientiam</strong></span> <span class='ocrx_word' id='word_1_464' title='bbox 2491 2417 2730 2475; x_wconf 85' lang='lat' dir='ltr'><strong>lleinrici</strong></span> <span class='ocrx_word' id='word_1_465' title='bbox 2753 2422 3124 2478; x_wconf 89' lang='lat' dir='ltr'><strong>indubitanter</strong></span> <span class='ocrx_word' id='word_1_466' title='bbox 3144 2424 3547 2494; x_wconf 89' lang='lat' dir='ltr'><strong>probaverunt;</strong></span> 
     </span>
    </p>
   </div>
   <div class='ocr_carea' id='block_1_69' title="bbox 1962 2507 3550 2586">
    <p class='ocr_par' dir='ltr' id='par_1_69' title="bbox 1962 2507 3550 2586">
     <span class='ocr_line' id='line_1_69' title="bbox 1962 2507 3550 2586; baseline 0.006 -25"><span class='ocrx_word' id='word_1_467' title='bbox 1962 2507 2109 2577; x_wconf 91' lang='lat' dir='ltr'><strong>quod</strong></span> <span class='ocrx_word' id='word_1_468' title='bbox 2130 2515 2187 2562; x_wconf 90' lang='lat' dir='ltr'><strong>et</strong></span> <span class='ocrx_word' id='word_1_469' title='bbox 2214 2507 2282 2539; x_wconf 81' lang='lat'><strong>“&#39;</strong></span> <span class='ocrx_word' id='word_1_470' title='bbox 2313 2517 2502 2579; x_wconf 88' lang='lat' dir='ltr'><strong>postea</strong></span> <span class='ocrx_word' id='word_1_471' title='bbox 2534 2510 2603 2542; x_wconf 81' lang='grc'><strong>³⁶¹</strong></span> <span class='ocrx_word' id='word_1_472' title='bbox 2631 2526 2756 2566; x_wconf 90' lang='lat' dir='ltr'><strong>cum</strong></span> <span class='ocrx_word' id='word_1_473' title='bbox 2785 2514 2853 2545; x_wconf 80' lang='grc'><strong>⁸⁸⁸</strong></span> <span class='ocrx_word' id='word_1_474' title='bbox 2885 2515 3125 2569; x_wconf 88' lang='lat' dir='ltr'><strong>redirent</strong></span> <span class='ocrx_word' id='word_1_475' title='bbox 3153 2516 3242 2582; x_wconf 69' lang='lat' dir='ltr'><strong>m,</strong></span> <span class='ocrx_word' id='word_1_476' title='bbox 3295 2531 3449 2586; x_wconf 66' lang='lat' dir='ltr'><strong>papa:</strong></span> <span class='ocrx_word' id='word_1_477' title='bbox 3478 2515 3550 2549; x_wconf 79' lang='grc'><strong>³⁸⁸</strong></span> 
     </span>
    </p>
   </div>
   <div class='ocr_carea' id='block_1_70' title="bbox 1962 2599 3550 2668">
    <p class='ocr_par' dir='ltr' id='par_1_70' title="bbox 1962 2599 3550 2668">
     <span class='ocr_line' id='line_1_70' title="bbox 1962 2599 3550 2668; baseline 0.006 -15"><span class='ocrx_word' id='word_1_478' title='bbox 1962 2599 2087 2654; x_wconf 87' lang='lat' dir='ltr'><strong>viva</strong></span> <span class='ocrx_word' id='word_1_479' title='bbox 2117 2613 2251 2655; x_wconf 84' lang='lat' dir='ltr'><strong>voce</strong></span> <span class='ocrx_word' id='word_1_480' title='bbox 2275 2602 2562 2668; x_wconf 85' lang='lat' dir='ltr'><strong>protestati</strong></span> <span class='ocrx_word' id='word_1_481' title='bbox 2591 2611 2740 2657; x_wconf 88' lang='lat' dir='ltr'><strong>sunt.</strong></span> <span class='ocrx_word' id='word_1_482' title='bbox 2787 2602 2843 2657; x_wconf 88' lang='lat' dir='ltr'><strong>In</strong></span> <span class='ocrx_word' id='word_1_483' title='bbox 2875 2605 2978 2659; x_wconf 90' lang='lat' dir='ltr'><strong>hac</strong></span> <span class='ocrx_word' id='word_1_484' title='bbox 3002 2615 3192 2660; x_wconf 81' lang='lat' dir='ltr'><strong>aestate</strong></span> <span class='ocrx_word' id='word_1_485' title='bbox 3220 2607 3550 2662; x_wconf 82' lang='lat' dir='ltr'><strong>venerabilis</strong></span> 
     </span>
    </p>
   </div>
   <div class='ocr_carea' id='block_1_71' title="bbox 1964 2687 3553 2765">
    <p class='ocr_par' dir='ltr' id='par_1_71' title="bbox 1964 2687 3553 2765">
     <span class='ocr_line' id='line_1_71' title="bbox 1964 2687 3553 2765; baseline 0.006 -20"><span class='ocrx_word' id='word_1_486' title='bbox 1964 2690 2138 2746; x_wconf 81' lang='lat' dir='ltr'><strong>abbas</strong></span> <span class='ocrx_word' id='word_1_487' title='bbox 2158 2687 2513 2747; x_wconf 83' lang='lat' dir='ltr'><strong>Massiliensis</strong></span> <span class='ocrx_word' id='word_1_488' title='bbox 2533 2691 2863 2760; x_wconf 88' lang='lat' dir='ltr'><strong>Bernardus,</strong></span> <span class='ocrx_word' id='word_1_489' title='bbox 2879 2696 2964 2749; x_wconf 90' lang='lat' dir='ltr'><strong>vir</strong></span> <span class='ocrx_word' id='word_1_490' title='bbox 2977 2697 3170 2765; x_wconf 90' lang='lat' dir='ltr'><strong>plenus</strong></span> <span class='ocrx_word' id='word_1_491' title='bbox 3191 2699 3438 2765; x_wconf 87' lang='lat' dir='ltr'><strong>caritate,</strong></span> <span class='ocrx_word' id='word_1_492' title='bbox 3462 2714 3553 2755; x_wconf 84' lang='lat' dir='ltr'><strong>rc-</strong></span> 
     </span>
    </p>
   </div>
   <div class='ocr_carea' id='block_1_72' title="bbox 1964 2780 3552 2857">
    <p class='ocr_par' dir='ltr' id='par_1_72' title="bbox 1964 2780 3552 2857">
     <span class='ocr_line' id='line_1_72' title="bbox 1964 2780 3552 2857; baseline 0.007 -22"><span class='ocrx_word' id='word_1_493' title='bbox 1964 2781 2175 2851; x_wconf 79' lang='lat' dir='ltr'><strong>quievit</strong></span> <span class='ocrx_word' id='word_1_494' title='bbox 2188 2780 2408 2851; x_wconf 88' lang='lat' dir='ltr'><strong>inpace,</strong></span> <span class='ocrx_word' id='word_1_495' title='bbox 2432 2782 2498 2836; x_wconf 87' lang='grc'><strong>15</strong></span> <span class='ocrx_word' id='word_1_496' title='bbox 2520 2781 2789 2840; x_wconf 83' lang='lat' dir='ltr'><strong>Kalendas</strong></span> <span class='ocrx_word' id='word_1_497' title='bbox 2807 2787 3040 2857; x_wconf 86' lang='lat' dir='ltr'><strong>Augusti</strong></span> <span class='ocrx_word' id='word_1_498' title='bbox 3064 2788 3152 2842; x_wconf 81' lang='grc'><strong>³⁸³.</strong></span> <span class='ocrx_word' id='word_1_499' title='bbox 3178 2787 3379 2845; x_wconf 89' lang='lat' dir='ltr'><strong>Doctor</strong></span> <span class='ocrx_word' id='word_1_500' title='bbox 3390 2790 3552 2846; x_wconf 84' lang='lat' dir='ltr'><strong>Adel-</strong></span> 
     </span>
    </p>
   </div>
   <div class='ocr_carea' id='block_1_73' title="bbox 1967 2868 3552 2949">
    <p class='ocr_par' dir='ltr' id='par_1_73' title="bbox 1967 2868 3552 2949">
     <span class='ocr_line' id='line_1_73' title="bbox 1967 2868 3552 2949; baseline 0.008 -22"><span class='ocrx_word' id='word_1_501' title='bbox 1967 2872 2179 2941; x_wconf 83' lang='lat' dir='ltr'><strong>bertus,</strong></span> <span class='ocrx_word' id='word_1_502' title='bbox 2206 2872 2354 2929; x_wconf 88' lang='lat' dir='ltr'><strong>facto</strong></span> <span class='ocrx_word' id='word_1_503' title='bbox 2374 2874 2650 2945; x_wconf 89' lang='lat' dir='ltr'><strong>verboque</strong></span> <span class='ocrx_word' id='word_1_504' title='bbox 2677 2876 2935 2944; x_wconf 88' lang='lat' dir='ltr'><strong>disertus,</strong></span> <span class='ocrx_word' id='word_1_505' title='bbox 2964 2878 3076 2949; x_wconf 91' lang='lat' dir='ltr'><strong>jam</strong></span> <span class='ocrx_word' id='word_1_506' title='bbox 3092 2879 3161 2933; x_wconf 86' lang='grc'><strong>50</strong></span> <span class='ocrx_word' id='word_1_507' title='bbox 3171 2868 3332 2937; x_wconf 81' lang='lat' dir='ltr'><strong>annis</strong></span> <span class='ocrx_word' id='word_1_508' title='bbox 3346 2883 3552 2939; x_wconf 90' lang='lat' dir='ltr'><strong>mundo</strong></span> 
     </span>
    </p>
   </div>
   <div class='ocr_carea' id='block_1_74' title="bbox 1967 2965 3550 3043">
    <p class='ocr_par' dir='ltr' id='par_1_74' title="bbox 1967 2965 3550 3043">
     <span class='ocr_line' id='line_1_74' title="bbox 1967 2965 3550 3043; baseline 0.006 -22"><span class='ocrx_word' id='word_1_509' title='bbox 1967 2965 2296 3033; x_wconf 87' lang='lat' dir='ltr'><strong>cruciﬁxus,</strong></span> <span class='ocrx_word' id='word_1_510' title='bbox 2324 2974 2381 3021; x_wconf 90' lang='lat' dir='ltr'><strong>et</strong></span> <span class='ocrx_word' id='word_1_511' title='bbox 2416 2966 2473 3021; x_wconf 90' lang='lat' dir='ltr'><strong>in</strong></span> <span class='ocrx_word' id='word_1_512' title='bbox 2516 2967 2625 3023; x_wconf 92' lang='lat' dir='ltr'><strong>ﬁne</strong></span> <span class='ocrx_word' id='word_1_513' title='bbox 2661 2969 2729 3024; x_wconf 91' lang='lat' dir='ltr'><strong>ad</strong></span> <span class='ocrx_word' id='word_1_514' title='bbox 2757 2973 3121 3042; x_wconf 77' lang='lat' dir='ltr'><strong>evangelicum</strong></span> <span class='ocrx_word' id='word_1_515' title='bbox 3160 2972 3550 3043; x_wconf 85' lang='lat' dir='ltr'><strong>perfectionem</strong></span> 
     </span>
    </p>
   </div>
   <div class='ocr_carea' id='block_1_75' title="bbox 1968 3059 3547 3133">
    <p class='ocr_par' dir='ltr' id='par_1_75' title="bbox 1968 3059 3547 3133">
     <span class='ocr_line' id='line_1_75' title="bbox 1968 3059 3547 3133; baseline 0.005 -18"><span class='ocrx_word' id='word_1_516' title='bbox 1968 3059 2284 3130; x_wconf 89' lang='lat' dir='ltr'><strong>perductus,</strong></span> <span class='ocrx_word' id='word_1_517' title='bbox 2298 3061 2552 3133; x_wconf 86' lang='lat' dir='ltr'><strong>migravit</strong></span> <span class='ocrx_word' id='word_1_518' title='bbox 2563 3063 2630 3117; x_wconf 92' lang='lat' dir='ltr'><strong>ad</strong></span> <span class='ocrx_word' id='word_1_519' title='bbox 2647 3062 2960 3132; x_wconf 85' lang='lat' dir='ltr'><strong>Dominum,</strong></span> <span class='ocrx_word' id='word_1_520' title='bbox 2975 3067 3008 3120; x_wconf 87' lang='grc'><strong>5</strong></span> <span class='ocrx_word' id='word_1_521' title='bbox 3019 3063 3202 3122; x_wconf 85' lang='lat' dir='ltr'><strong>Nonas</strong></span> <span class='ocrx_word' id='word_1_522' title='bbox 3213 3066 3547 3125; x_wconf 89' lang='lat' dir='ltr'><strong>Decembris.</strong></span> 
     </span>
    </p>
   </div>
   <div class='ocr_carea' id='block_1_76' title="bbox 2619 3153 2889 3211">
    <p class='ocr_par' dir='ltr' id='par_1_76' title="bbox 2619 3153 2889 3211">
     <span class='ocr_line' id='line_1_76' title="bbox 2619 3153 2889 3211; baseline 0.011 -3"><span class='ocrx_word' id='word_1_523' title='bbox 2619 3153 2889 3211; x_wconf 73' lang='lat' dir='ltr'><strong>MLXXX.</strong></span> 
     </span>
    </p>
   </div>
   <div class='ocr_carea' id='block_1_77' title="bbox 2032 3242 3546 3318">
    <p class='ocr_par' dir='ltr' id='par_1_77' title="bbox 2032 3242 3546 3318">
     <span class='ocr_line' id='line_1_77' title="bbox 2032 3242 3546 3318; baseline 0.007 -21"><span class='ocrx_word' id='word_1_524' title='bbox 2032 3243 2232 3299; x_wconf 88' lang='lat' dir='ltr'><strong>lterum</strong></span> <span class='ocrx_word' id='word_1_525' title='bbox 2265 3242 2552 3301; x_wconf 78' lang='lat' dir='ltr'><strong>Heinricus</strong></span> <span class='ocrx_word' id='word_1_526' title='bbox 2582 3256 2705 3317; x_wconf 89' lang='lat' dir='ltr'><strong>post</strong></span> <span class='ocrx_word' id='word_1_527' title='bbox 2751 3248 3097 3318; x_wconf 87' lang='lat' dir='ltr'><strong>epiphaniam</strong></span> <span class='ocrx_word' id='word_1_528' title='bbox 3137 3264 3264 3306; x_wconf 91' lang='lat' dir='ltr'><strong>cum</strong></span> <span class='ocrx_word' id='word_1_529' title='bbox 3304 3251 3546 3307; x_wconf 87' lang='lat' dir='ltr'><strong>exercitu</strong></span> 
     </span>
    </p>
   </div>
   <div class='ocr_carea' id='block_1_78' title="bbox 1964 3334 3551 3409">
    <p class='ocr_par' dir='ltr' id='par_1_78' title="bbox 1964 3334 3551 3409">
     <span class='ocr_line' id='line_1_78' title="bbox 1964 3334 3551 3409; baseline 0.006 -20"><span class='ocrx_word' id='word_1_530' title='bbox 1964 3336 2016 3390; x_wconf 91' lang='lat' dir='ltr'><strong>in</strong></span> <span class='ocrx_word' id='word_1_531' title='bbox 2044 3334 2340 3391; x_wconf 81' lang='lat' dir='ltr'><strong>Saxoniam</strong></span> <span class='ocrx_word' id='word_1_532' title='bbox 2364 3337 2552 3392; x_wconf 84' lang='lat' dir='ltr'><strong>venire</strong></span> <span class='ocrx_word' id='word_1_533' title='bbox 2573 3337 2894 3409; x_wconf 84' lang='lat' dir='ltr'><strong>disponens,</strong></span> <span class='ocrx_word' id='word_1_534' title='bbox 2919 3355 2951 3395; x_wconf 90' lang='lat' dir='ltr'><strong>a</strong></span> <span class='ocrx_word' id='word_1_535' title='bbox 2975 3338 3248 3397; x_wconf 81' lang='lat' dir='ltr'><strong>Roudolfo</strong></span> <span class='ocrx_word' id='word_1_536' title='bbox 3268 3340 3321 3397; x_wconf 87' lang='lat'><strong>6.</strong></span> <span class='ocrx_word' id='word_1_537' title='bbox 3351 3341 3551 3398; x_wconf 84' lang='lat' dir='ltr'><strong>Kalen-</strong></span> 
     </span>
    </p>
   </div>
   <div class='ocr_carea' id='block_1_79' title="bbox 1962 3425 3550 3506">
    <p class='ocr_par' dir='ltr' id='par_1_79' title="bbox 1962 3425 3550 3506">
     <span class='ocr_line' id='line_1_79' title="bbox 1962 3425 3550 3506; baseline 0.004 -23"><span class='ocrx_word' id='word_1_538' title='bbox 1962 3426 2063 3483; x_wconf 87' lang='lat' dir='ltr'><strong>das</strong></span> <span class='ocrx_word' id='word_1_539' title='bbox 2109 3425 2396 3483; x_wconf 84' lang='lat' dir='ltr'><strong>Februarii</strong></span> <span class='ocrx_word' id='word_1_540' title='bbox 2442 3428 2514 3461; x_wconf 75' lang='lat'><strong>’“</strong></span> <span class='ocrx_word' id='word_1_541' title='bbox 2547 3428 2789 3500; x_wconf 82' lang='lat' dir='ltr'><strong>fugatur,</strong></span> <span class='ocrx_word' id='word_1_542' title='bbox 2841 3445 2942 3487; x_wconf 90' lang='lat' dir='ltr'><strong>nec</strong></span> <span class='ocrx_word' id='word_1_543' title='bbox 2986 3440 3169 3488; x_wconf 88' lang='lat' dir='ltr'><strong>tamen</strong></span> <span class='ocrx_word' id='word_1_544' title='bbox 3219 3434 3289 3489; x_wconf 90' lang='lat' dir='ltr'><strong>ab</strong></span> <span class='ocrx_word' id='word_1_545' title='bbox 3336 3435 3550 3506; x_wconf 85' lang='lat' dir='ltr'><strong>incepta</strong></span> 
     </span>
    </p>
   </div>
   <div class='ocr_carea' id='block_1_80' title="bbox 1966 3519 3550 3594">
    <p class='ocr_par' dir='ltr' id='par_1_80' title="bbox 1966 3519 3550 3594">
     <span class='ocr_line' id='line_1_80' title="bbox 1966 3519 3550 3594; baseline 0.006 -22"><span class='ocrx_word' id='word_1_546' title='bbox 1966 3519 2237 3575; x_wconf 87' lang='lat' dir='ltr'><strong>tirannide</strong></span> <span class='ocrx_word' id='word_1_547' title='bbox 2266 3521 2664 3592; x_wconf 84' lang='lat' dir='ltr'><strong>compescitur;</strong></span> <span class='ocrx_word' id='word_1_548' title='bbox 2700 3523 2769 3578; x_wconf 91' lang='lat' dir='ltr'><strong>de</strong></span> <span class='ocrx_word' id='word_1_549' title='bbox 2796 3536 2905 3593; x_wconf 91' lang='lat' dir='ltr'><strong>qua</strong></span> <span class='ocrx_word' id='word_1_550' title='bbox 2930 3524 3274 3594; x_wconf 84' lang='lat' dir='ltr'><strong>expeditione</strong></span> <span class='ocrx_word' id='word_1_551' title='bbox 3306 3523 3550 3581; x_wconf 81' lang='lat' dir='ltr'><strong>Boudol-</strong></span> 
     </span>
    </p>
   </div>
   <div class='ocr_carea' id='block_1_81' title="bbox 1965 3611 3548 3683">
    <p class='ocr_par' dir='ltr' id='par_1_81' title="bbox 1965 3611 3548 3683">
     <span class='ocr_line' id='line_1_81' title="bbox 1965 3611 3548 3683; baseline 0.006 -17"><span class='ocrx_word' id='word_1_552' title='bbox 1965 3611 2053 3667; x_wconf 92' lang='lat' dir='ltr'><strong>fus</strong></span> <span class='ocrx_word' id='word_1_553' title='bbox 2075 3612 2313 3683; x_wconf 84' lang='lat' dir='ltr'><strong>legatum</strong></span> <span class='ocrx_word' id='word_1_554' title='bbox 2348 3611 2804 3670; x_wconf 60' lang='lat' dir='ltr'><strong>statim‘Romam</strong></span> <span class='ocrx_word' id='word_1_555' title='bbox 2837 3616 2904 3671; x_wconf 88' lang='lat' dir='ltr'><strong>ad</strong></span> <span class='ocrx_word' id='word_1_556' title='bbox 2932 3617 3189 3672; x_wconf 90' lang='lat' dir='ltr'><strong>sinodum</strong></span> <span class='ocrx_word' id='word_1_557' title='bbox 3227 3618 3296 3652; x_wconf 79' lang='grc'><strong>³⁸⁸</strong></span> <span class='ocrx_word' id='word_1_558' title='bbox 3330 3616 3548 3675; x_wconf 82' lang='lat' dir='ltr'><strong>direxit.</strong></span> 
     </span>
    </p>
   </div>
   <div class='ocr_carea' id='block_1_82' title="bbox 1965 3702 3552 3776">
    <p class='ocr_par' dir='ltr' id='par_1_82' title="bbox 1965 3702 3552 3776">
     <span class='ocr_line' id='line_1_82' title="bbox 1965 3702 3552 3776; baseline 0.006 -17"><span class='ocrx_word' id='word_1_559' title='bbox 1965 3702 2262 3775; x_wconf 86' lang='lat' dir='ltr'><strong>Gregorius</strong></span> <span class='ocrx_word' id='word_1_560' title='bbox 2288 3720 2427 3776; x_wconf 89' lang='lat' dir='ltr'><strong>papa</strong></span> <span class='ocrx_word' id='word_1_561' title='bbox 2456 3706 2713 3762; x_wconf 88' lang='lat' dir='ltr'><strong>sinodum</strong></span> <span class='ocrx_word' id='word_1_562' title='bbox 2739 3707 2928 3763; x_wconf 71' lang='lat' dir='ltr'><strong>Romae</strong></span> <span class='ocrx_word' id='word_1_563' title='bbox 2948 3708 3142 3764; x_wconf 81' lang='lat' dir='ltr'><strong>Martio</strong></span> <span class='ocrx_word' id='word_1_564' title='bbox 3166 3725 3354 3767; x_wconf 84' lang='lat' dir='ltr'><strong>mense</strong></span> <span class='ocrx_word' id='word_1_565' title='bbox 3384 3713 3552 3768; x_wconf 87' lang='lat' dir='ltr'><strong>colle-</strong></span> 
     </span>
    </p>
   </div>
   <div class='ocr_carea' id='block_1_83' title="bbox 1965 3794 3554 3871">
    <p class='ocr_par' dir='ltr' id='par_1_83' title="bbox 1965 3794 3554 3871">
     <span class='ocr_line' id='line_1_83' title="bbox 1965 3794 3554 3871; baseline 0.008 -23"><span class='ocrx_word' id='word_1_566' title='bbox 1965 3794 2063 3864; x_wconf 83' lang='lat' dir='ltr'><strong>git,</strong></span> <span class='ocrx_word' id='word_1_567' title='bbox 2092 3795 2160 3850; x_wconf 92' lang='lat' dir='ltr'><strong>ad</strong></span> <span class='ocrx_word' id='word_1_568' title='bbox 2203 3810 2370 3866; x_wconf 89' lang='lat' dir='ltr'><strong>quam</strong></span> <span class='ocrx_word' id='word_1_569' title='bbox 2416 3798 2486 3852; x_wconf 86' lang='lat' dir='ltr'><strong>de</strong></span> <span class='ocrx_word' id='word_1_570' title='bbox 2513 3795 2832 3855; x_wconf 86' lang='lat' dir='ltr'><strong>Teutonicis</strong></span> <span class='ocrx_word' id='word_1_571' title='bbox 2859 3800 3107 3868; x_wconf 84' lang='lat' dir='ltr'><strong>partibus</strong></span> <span class='ocrx_word' id='word_1_572' title='bbox 3131 3803 3372 3871; x_wconf 68' lang='lat' dir='ltr'><strong>praedicti</strong></span> <span class='ocrx_word' id='word_1_573' title='bbox 3407 3804 3554 3860; x_wconf 82' lang='lat' dir='ltr'><strong>sedis</strong></span> 
     </span>
    </p>
   </div>
   <div class='ocr_carea' id='block_1_84' title="bbox 1964 3880 3549 3958">
    <p class='ocr_par' dir='ltr' id='par_1_84' title="bbox 1964 3880 3549 3958">
     <span class='ocr_line' id='line_1_84' title="bbox 1964 3880 3549 3958; baseline 0.006 -18"><span class='ocrx_word' id='word_1_574' title='bbox 1964 3885 2277 3956; x_wconf 71' lang='lat' dir='ltr'><strong>apostolica:</strong></span> <span class='ocrx_word' id='word_1_575' title='bbox 2301 3887 2463 3958; x_wconf 87' lang='lat' dir='ltr'><strong>legati</strong></span> <span class='ocrx_word' id='word_1_576' title='bbox 2497 3888 2794 3952; x_wconf 84' lang='lat' dir='ltr'><strong>redierunt.</strong></span> <span class='ocrx_word' id='word_1_577' title='bbox 2818 3897 2873 3943; x_wconf 87' lang='lat' dir='ltr'><strong>et</strong></span> <span class='ocrx_word' id='word_1_578' title='bbox 2893 3880 3265 3945; x_wconf 72' lang='lat' dir='ltr'><strong>ofnnimodam</strong></span> <span class='ocrx_word' id='word_1_579' title='bbox 3297 3891 3549 3949; x_wconf 79' lang='lat' dir='ltr'><strong>Roudolﬁ</strong></span> 
     </span>
    </p>
   </div>
   <div class='ocr_carea' id='block_1_85' title="bbox 1966 3976 3553 4053">
    <p class='ocr_par' dir='ltr' id='par_1_85' title="bbox 1966 3976 3553 4053">
     <span class='ocr_line' id='line_1_85' title="bbox 1966 3976 3553 4053; baseline 0.004 -22"><span class='ocrx_word' id='word_1_580' title='bbox 1966 3976 2329 4034; x_wconf 87' lang='lat' dir='ltr'><strong>obedientiam</strong></span> <span class='ocrx_word' id='word_1_581' title='bbox 2341 3987 2395 4033; x_wconf 91' lang='lat' dir='ltr'><strong>et</strong></span> <span class='ocrx_word' id='word_1_582' title='bbox 2408 3976 2645 4034; x_wconf 85' lang='lat' dir='ltr'><strong>Heinrici</strong></span> <span class='ocrx_word' id='word_1_583' title='bbox 2662 3979 3086 4036; x_wconf 88' lang='lat' dir='ltr'><strong>inobedientiam</strong></span> <span class='ocrx_word' id='word_1_584' title='bbox 3107 3981 3310 4037; x_wconf 91' lang='lat' dir='ltr'><strong>domno</strong></span> <span class='ocrx_word' id='word_1_585' title='bbox 3330 3992 3553 4053; x_wconf 84' lang='lat' dir='ltr'><strong>aposto-</strong></span> 
     </span>
    </p>
   </div>
   <div class='ocr_carea' id='block_1_86' title="bbox 1966 4068 3554 4141">
    <p class='ocr_par' dir='ltr' id='par_1_86' title="bbox 1966 4068 3554 4141">
     <span class='ocr_line' id='line_1_86' title="bbox 1966 4068 3554 4141; baseline 0.004 -18"><span class='ocrx_word' id='word_1_586' title='bbox 1966 4069 2075 4125; x_wconf 90' lang='lat' dir='ltr'><strong>lico</strong></span> <span class='ocrx_word' id='word_1_587' title='bbox 2121 4070 2602 4125; x_wconf 86' lang='lat' dir='ltr'><strong>renunciaverunt.</strong></span> <span class='ocrx_word' id='word_1_588' title='bbox 2664 4068 2821 4126; x_wconf 88' lang='lat' dir='ltr'><strong>Unde</strong></span> <span class='ocrx_word' id='word_1_589' title='bbox 2876 4071 2995 4141; x_wconf 87' lang='lat' dir='ltr'><strong>ipse</strong></span> <span class='ocrx_word' id='word_1_590' title='bbox 3046 4072 3105 4126; x_wconf 92' lang='lat' dir='ltr'><strong>in</strong></span> <span class='ocrx_word' id='word_1_591' title='bbox 3144 4073 3252 4129; x_wconf 80' lang='lat' dir='ltr'><strong>fine</strong></span> <span class='ocrx_word' id='word_1_592' title='bbox 3281 4074 3554 4130; x_wconf 82' lang='lat' dir='ltr'><strong>sinodim</strong></span> 
     </span>
    </p>
   </div>
   <div class='ocr_carea' id='block_1_87' title="bbox 1968 4159 3552 4234">
    <p class='ocr_par' dir='ltr' id='par_1_87' title="bbox 1968 4159 3552 4234">
     <span class='ocr_line' id='line_1_87' title="bbox 1968 4159 3552 4234; baseline 0.006 -18"><span class='ocrx_word' id='word_1_593' title='bbox 1968 4159 2281 4218; x_wconf 83' lang='lat' dir='ltr'><strong>Heinricum</strong></span> <span class='ocrx_word' id='word_1_594' title='bbox 2330 4162 2603 4233; x_wconf 90' lang='lat' dir='ltr'><strong>deposuit,</strong></span> <span class='ocrx_word' id='word_1_595' title='bbox 2636 4163 2929 4234; x_wconf 88' lang='lat' dir='ltr'><strong>ipsumque</strong></span> <span class='ocrx_word' id='word_1_596' title='bbox 2970 4179 3097 4220; x_wconf 92' lang='lat' dir='ltr'><strong>cum</strong></span> <span class='ocrx_word' id='word_1_597' title='bbox 3143 4167 3403 4223; x_wconf 89' lang='lat' dir='ltr'><strong>omnibus</strong></span> <span class='ocrx_word' id='word_1_598' title='bbox 3434 4171 3552 4226; x_wconf 91' lang='lat' dir='ltr'><strong>suis</strong></span> 
     </span>
    </p>
   </div>
   <div class='ocr_carea' id='block_1_88' title="bbox 1970 4254 3551 4331">
    <p class='ocr_par' dir='ltr' id='par_1_88' title="bbox 1970 4254 3551 4331">
     <span class='ocr_line' id='line_1_88' title="bbox 1970 4254 3551 4331; baseline 0.006 -21"><span class='ocrx_word' id='word_1_599' title='bbox 1970 4254 2279 4311; x_wconf 79' lang='lat' dir='ltr'><strong>fautoribus</strong></span> <span class='ocrx_word' id='word_1_600' title='bbox 2301 4255 2802 4321; x_wconf 81' lang='lat' dir='ltr'><strong>anathematizavit,</strong></span> <span class='ocrx_word' id='word_1_601' title='bbox 2815 4264 2870 4311; x_wconf 89' lang='lat' dir='ltr'><strong>et</strong></span> <span class='ocrx_word' id='word_1_602' title='bbox 2890 4254 3221 4313; x_wconf 81' lang='lat' dir='ltr'><strong>Roudolfum</strong></span> <span class='ocrx_word' id='word_1_603' title='bbox 3251 4260 3551 4331; x_wconf 85' lang='lat' dir='ltr'><strong>apostolica</strong></span> 
     </span>
    </p>
   </div>
   <div class='ocr_carea' id='block_1_89' title="bbox 251 4346 3547 4427">
    <p class='ocr_par' dir='ltr' id='par_1_89' title="bbox 251 4346 3547 4427">
     <span class='ocr_line' id='line_1_89' title="bbox 251 4346 3547 4427; baseline 0.001 -19"><span class='ocrx_word' id='word_1_604' title='bbox 251 4348 487 4408; x_wconf 86' lang='lat' dir='ltr'><strong>sinodo</strong></span> <span class='ocrx_word' id='word_1_605' title='bbox 515 4347 802 4405; x_wconf 82' lang='lat' dir='ltr'><strong>Heinricus</strong></span> <span class='ocrx_word' id='word_1_606' title='bbox 831 4348 1195 4421; x_wconf 82' lang='lat' dir='ltr'><strong>Aquilejensis</strong></span> <span class='ocrx_word' id='word_1_607' title='bbox 1236 4348 1548 4420; x_wconf 82' lang='lat' dir='ltr'><strong>patriarcha</strong></span> <span class='ocrx_word' id='word_1_608' title='bbox 1586 4363 1741 4421; x_wconf 62' lang='lat' dir='ltr'><strong>papae</strong></span> <span class='ocrx_word' id='word_1_609' title='bbox 1779 4349 1871 4421; x_wconf 91' lang='lat' dir='ltr'><strong>ju-</strong></span> <span class='ocrx_word' id='word_1_610' title='bbox 1969 4347 2295 4405; x_wconf 87' lang='lat' dir='ltr'><strong>auctoritate</strong></span> <span class='ocrx_word' id='word_1_611' title='bbox 2341 4347 2395 4403; x_wconf 94' lang='lat' dir='ltr'><strong>in</strong></span> <span class='ocrx_word' id='word_1_612' title='bbox 2439 4347 2586 4418; x_wconf 90' lang='lat' dir='ltr'><strong>regia</strong></span> <span class='ocrx_word' id='word_1_613' title='bbox 2638 4346 2902 4419; x_wconf 88' lang='lat' dir='ltr'><strong>dignitate</strong></span> <span class='ocrx_word' id='word_1_614' title='bbox 2948 4349 3293 4406; x_wconf 85' lang='lat' dir='ltr'><strong>conﬁrmavit</strong></span> <span class='ocrx_word' id='word_1_615' title='bbox 3342 4352 3547 4427; x_wconf 66' lang='grc'><strong>(1514).</strong></span> 
     </span>
    </p>
   </div>
   <div class='ocr_carea' id='block_1_90' title="bbox 249 4438 3555 4518">
    <p class='ocr_par' dir='ltr' id='par_1_90' title="bbox 249 4438 3555 4518">
     <span class='ocr_line' id='line_1_90' title="bbox 249 4438 3555 4518; baseline 0.002 -19"><span class='ocrx_word' id='word_1_616' title='bbox 249 4443 447 4509; x_wconf 86' lang='lat' dir='ltr'><strong>ravit,</strong></span> <span class='ocrx_word' id='word_1_617' title='bbox 501 4441 634 4496; x_wconf 90' lang='lat' dir='ltr'><strong>nulli</strong></span> <span class='ocrx_word' id='word_1_618' title='bbox 686 4455 747 4497; x_wconf 90' lang='lat' dir='ltr'><strong>se</strong></span> <span class='ocrx_word' id='word_1_619' title='bbox 790 4440 1045 4511; x_wconf 88' lang='lat' dir='ltr'><strong>deinceps</strong></span> <span class='ocrx_word' id='word_1_620' title='bbox 1084 4439 1650 4509; x_wconf 85' lang='lat' dir='ltr'><strong>communicaturum,</strong></span> <span class='ocrx_word' id='word_1_621' title='bbox 1704 4457 1869 4513; x_wconf 90' lang='lat' dir='ltr'><strong>quem</strong></span> <span class='ocrx_word' id='word_1_622' title='bbox 1901 4462 1946 4518; x_wconf 81' lang='grc' dir='ltr'><strong>ι)</strong></span> <span class='ocrx_word' id='word_1_623' title='bbox 1971 4438 2126 4497; x_wconf 86' lang='lat' dir='ltr'><strong>Unde</strong></span> <span class='ocrx_word' id='word_1_624' title='bbox 2169 4440 2386 4496; x_wconf 91' lang='lat' dir='ltr'><strong>emulus</strong></span> <span class='ocrx_word' id='word_1_625' title='bbox 2430 4440 2497 4473; x_wconf 80' lang='grc'><strong>³⁸⁷</strong></span> <span class='ocrx_word' id='word_1_626' title='bbox 2532 4439 2655 4511; x_wconf 89' lang='lat' dir='ltr'><strong>ejus</strong></span> <span class='ocrx_word' id='word_1_627' title='bbox 2690 4440 2760 4473; x_wconf 80' lang='lat'><strong>“&#39;</strong></span> <span class='ocrx_word' id='word_1_628' title='bbox 2815 4450 3141 4513; x_wconf 87' lang='lat' dir='ltr'><strong>congregata</strong></span> <span class='ocrx_word' id='word_1_629' title='bbox 3204 4444 3555 4505; x_wconf 87' lang='lat' dir='ltr'><strong>multitudine</strong></span> 
     </span>
    </p>
   </div>
   <div class='ocr_carea' id='block_1_91' title="bbox 251 4530 1867 4603">
    <p class='ocr_par' dir='ltr' id='par_1_91' title="bbox 251 4530 1867 4603">
     <span class='ocr_line' id='line_1_91' title="bbox 251 4530 1867 4603; baseline -0.001 -13"><span class='ocrx_word' id='word_1_630' title='bbox 251 4535 454 4590; x_wconf 85' lang='lat' dir='ltr'><strong>sciret</strong></span> <span class='ocrx_word' id='word_1_631' title='bbox 494 4547 525 4587; x_wconf 92' lang='lat' dir='ltr'><strong>a</strong></span> <span class='ocrx_word' id='word_1_632' title='bbox 566 4546 705 4603; x_wconf 90' lang='lat' dir='ltr'><strong>papa</strong></span> <span class='ocrx_word' id='word_1_633' title='bbox 744 4531 1277 4588; x_wconf 82' lang='lat' dir='ltr'><strong>excemmunicatum</strong></span> <span class='ocrx_word' id='word_1_634' title='bbox 1305 4531 1395 4586; x_wconf 71' lang='lat' dir='ltr'><strong>m.</strong></span> <span class='ocrx_word' id='word_1_635' title='bbox 1426 4530 1488 4586; x_wconf 85' lang='lat' dir='ltr'><strong>In</strong></span> <span class='ocrx_word' id='word_1_636' title='bbox 1522 4531 1627 4588; x_wconf 82' lang='lat' dir='ltr'><strong>hac</strong></span> <span class='ocrx_word' id='word_1_637' title='bbox 1668 4532 1867 4591; x_wconf 90' lang='lat' dir='ltr'><strong>sinodo</strong></span> 
     </span>
    </p>
   </div>
   <div class='ocr_carea' id='block_1_92' title="bbox 232 4623 1867 4711">
    <p class='ocr_par' dir='ltr' id='par_1_92' title="bbox 232 4623 1867 4711">
     <span class='ocr_line' id='line_1_92' title="bbox 232 4623 1867 4711; baseline 0.002 -30"><span class='ocrx_word' id='word_1_638' title='bbox 232 4642 420 4711; x_wconf 81' lang='lat' dir='ltr'><strong>papa</strong></span> <span class='ocrx_word' id='word_1_639' title='bbox 458 4624 810 4697; x_wconf 84' lang='lat' dir='ltr'><strong>presbyteros</strong></span> <span class='ocrx_word' id='word_1_640' title='bbox 843 4624 1100 4699; x_wconf 88' lang='lat' dir='ltr'><strong>deinceps</strong></span> <span class='ocrx_word' id='word_1_641' title='bbox 1124 4624 1182 4680; x_wconf 89' lang='lat' dir='ltr'><strong>in</strong></span> <span class='ocrx_word' id='word_1_642' title='bbox 1223 4623 1642 4681; x_wconf 89' lang='lat' dir='ltr'><strong>fornicationem</strong></span> <span class='ocrx_word' id='word_1_643' title='bbox 1683 4626 1867 4698; x_wconf 89' lang='lat' dir='ltr'><strong>lapsos</strong></span> 
     </span>
    </p>
   </div>
   <div class='ocr_carea' id='block_1_93' title="bbox 1971 4533 3553 4611">
    <p class='ocr_par' dir='ltr' id='par_1_93' title="bbox 1971 4533 3553 4611">
     <span class='ocr_line' id='line_1_93' title="bbox 1971 4533 3553 4611; baseline 0.005 -22"><span class='ocrx_word' id='word_1_644' title='bbox 1971 4535 2220 4589; x_wconf 90' lang='lat' dir='ltr'><strong>omnium</strong></span> <span class='ocrx_word' id='word_1_645' title='bbox 2274 4534 2715 4590; x_wconf 87' lang='lat' dir='ltr'><strong>scismaticorum</strong></span> <span class='ocrx_word' id='word_1_646' title='bbox 2763 4533 2881 4589; x_wconf 79' lang='lat' dir='ltr'><strong>sive</strong></span> <span class='ocrx_word' id='word_1_647' title='bbox 2926 4537 3553 4611; x_wconf 79' lang='lat' dir='ltr'><strong>excommunicatorum,</strong></span> 
     </span>
    </p>
   </div>
   <div class='ocr_carea' id='block_1_94' title="bbox 1972 4627 3558 4705">
    <p class='ocr_par' dir='ltr' id='par_1_94' title="bbox 1972 4627 3558 4705">
     <span class='ocr_line' id='line_1_94' title="bbox 1972 4627 3558 4705; baseline 0.008 -23"><span class='ocrx_word' id='word_1_648' title='bbox 1972 4629 2115 4699; x_wconf 89' lang='lat' dir='ltr'><strong>apud</strong></span> <span class='ocrx_word' id='word_1_649' title='bbox 2157 4627 2457 4685; x_wconf 87' lang='lat' dir='ltr'><strong>Briximam</strong></span> <span class='ocrx_word' id='word_1_650' title='bbox 2487 4629 2675 4702; x_wconf 82' lang='grc'><strong>(1515)</strong></span> <span class='ocrx_word' id='word_1_651' title='bbox 2716 4627 3019 4700; x_wconf 89' lang='lat' dir='ltr'><strong>legitimum</strong></span> <span class='ocrx_word' id='word_1_652' title='bbox 3059 4647 3253 4703; x_wconf 89' lang='lat' dir='ltr'><strong>papam</strong></span> <span class='ocrx_word' id='word_1_653' title='bbox 3283 4630 3558 4705; x_wconf 72' lang='lat' dir='ltr'><strong>abjuravit</strong></span> 
     </span>
    </p>
   </div>
   <div class='ocr_carea' id='block_1_95' title="bbox 1617 4778 2291 4844">
    <p class='ocr_par' dir='ltr' id='par_1_95' title="bbox 1617 4778 2291 4844">
     <span class='ocr_line' id='line_1_95' title="bbox 1617 4778 2291 4844; baseline 0.001 -3"><span class='ocrx_word' id='word_1_654' title='bbox 1617 4784 1710 4841; x_wconf 69' lang='lat' dir='ltr'><strong>VA</strong></span> <span class='ocrx_word' id='word_1_655' title='bbox 1719 4778 1853 4841; x_wconf 68' lang='lat' dir='ltr'><strong>RIAS</strong></span> <span class='ocrx_word' id='word_1_656' title='bbox 1887 4783 2291 4844; x_wconf 81' lang='lat' dir='ltr'><strong>LECTIONES.</strong></span> 
     </span>
    </p>
   </div>
   <div class='ocr_carea' id='block_1_96' title="bbox 335 4894 3574 4974">
    <p class='ocr_par' dir='ltr' id='par_1_96' title="bbox 335 4894 3574 4974">
     <span class='ocr_line' id='line_1_96' title="bbox 335 4894 3574 4974; baseline 0.005 -28"><span class='ocrx_word' id='word_1_657' title='bbox 335 4896 423 4929; x_wconf 65' lang='lat'><strong>3”</strong></span> <span class='ocrx_word' id='word_1_658' title='bbox 450 4894 604 4974; x_wconf 72' lang='lat' dir='ltr'><strong>_d_eest</strong></span> <span class='ocrx_word' id='word_1_659' title='bbox 758 4895 1071 4974; x_wconf 61' lang='lat' dir='ltr'><strong>&#39;ff_nee_cari</strong></span> <span class='ocrx_word' id='word_1_660' title='bbox 1098 4896 1152 4951; x_wconf 88' lang='grc'><strong>5.</strong></span> <span class='ocrx_word' id='word_1_661' title='bbox 1228 4895 1302 4974; x_wconf 75' lang='lat'><strong>”_‘_</strong></span> <span class='ocrx_word' id='word_1_662' title='bbox 1327 4894 1391 4950; x_wconf 88' lang='grc' dir='ltr'><strong>Τ.</strong></span> <span class='ocrx_word' id='word_1_663' title='bbox 1409 4924 1481 4935; x_wconf 92' lang='grc'><strong><em>-</em></strong></span> <span class='ocrx_word' id='word_1_664' title='bbox 1500 4910 1796 4974; x_wconf 77' lang='lat' dir='ltr'><strong>aggressus</strong></span> <span class='ocrx_word' id='word_1_665' title='bbox 1818 4903 1904 4951; x_wconf 89' lang='lat' dir='ltr'><strong>est</strong></span> <span class='ocrx_word' id='word_1_666' title='bbox 1925 4895 1982 4974; x_wconf 64' lang='lat' dir='ltr'><strong>in</strong></span> <span class='ocrx_word' id='word_1_667' title='bbox 2010 4897 2133 4974; x_wconf 64' lang='lat' dir='ltr'><strong>loco</strong></span> <span class='ocrx_word' id='word_1_668' title='bbox 2152 4914 2275 4974; x_wconf 54' lang='lat' dir='ltr'><strong>raso</strong></span> <span class='ocrx_word' id='word_1_669' title='bbox 2302 4899 2371 4974; x_wconf 83' lang='lat' dir='ltr'><strong>l._</strong></span> <span class='ocrx_word' id='word_1_670' title='bbox 2408 4899 2476 4932; x_wconf 75' lang='grc'><strong><em>³⁵⁸⁷</em></strong></span> <span class='ocrx_word' id='word_1_671' title='bbox 2503 4901 2603 4974; x_wconf 43' lang='grc' dir='ltr'><strong>ἰηί.</strong></span> <span class='ocrx_word' id='word_1_672' title='bbox 2644 4918 2694 4958; x_wconf 91' lang='lat' dir='ltr'><strong>e.</strong></span> <span class='ocrx_word' id='word_1_673' title='bbox 2712 4905 2783 4974; x_wconf 21' lang='lat' dir='ltr'><strong>Ain</strong></span> <span class='ocrx_word' id='word_1_674' title='bbox 2812 4904 2928 4957; x_wconf 83' lang='lat' dir='ltr'><strong>loco</strong></span> <span class='ocrx_word' id='word_1_675' title='bbox 2965 4919 3087 4959; x_wconf 82' lang='lat' dir='ltr'><strong>raso</strong></span> <span class='ocrx_word' id='word_1_676' title='bbox 3117 4902 3168 4957; x_wconf 90' lang='grc'><strong>1,</strong></span> <span class='ocrx_word' id='word_1_677' title='bbox 3246 4903 3316 4937; x_wconf 80' lang='grc'><strong><em>³³³</em></strong></span> <span class='ocrx_word' id='word_1_678' title='bbox 3343 4894 3574 4974; x_wconf 56' lang='grc' dir='ltr'><strong>εστι-ξιτ</strong></span> 
     </span>
    </p>
   </div>
   <div class='ocr_carea' id='block_1_97' title="bbox 248 4965 3578 5044">
    <p class='ocr_par' dir='ltr' id='par_1_97' title="bbox 248 4965 3578 5044">
     <span class='ocr_line' id='line_1_97' title="bbox 248 4965 3578 5044; baseline 0.008 -26"><span class='ocrx_word' id='word_1_679' title='bbox 248 4965 621 5044; x_wconf 66' lang='lat' dir='ltr'><strong>impedirent</strong></span> <span class='ocrx_word' id='word_1_680' title='bbox 774 4967 844 4999; x_wconf 84' lang='grc'><strong>³⁸⁹</strong></span> <span class='ocrx_word' id='word_1_681' title='bbox 862 4968 919 5021; x_wconf 83' lang='lat' dir='ltr'><strong>in</strong></span> <span class='ocrx_word' id='word_1_682' title='bbox 946 4966 1061 5044; x_wconf 72' lang='lat' dir='ltr'><strong>loco</strong></span> <span class='ocrx_word' id='word_1_683' title='bbox 1089 4983 1230 5044; x_wconf 67' lang='lat' dir='ltr'><strong>roso,</strong></span> <span class='ocrx_word' id='word_1_684' title='bbox 1260 4966 1442 5020; x_wconf 81' lang='lat' dir='ltr'><strong>littera</strong></span> <span class='ocrx_word' id='word_1_685' title='bbox 1472 4965 1663 5044; x_wconf 61' lang='lat' dir='ltr'><strong>minori</strong></span> <span class='ocrx_word' id='word_1_686' title='bbox 1691 4969 1890 5044; x_wconf 66' lang='lat' dir='ltr'><strong>scripta</strong></span> <span class='ocrx_word' id='word_1_687' title='bbox 2069 4970 2138 5044; x_wconf 61' lang='grc' dir='ltr'><strong>’ξο</strong></span> <span class='ocrx_word' id='word_1_688' title='bbox 2168 4966 2321 5044; x_wconf 87' lang='lat' dir='ltr'><strong>Iu_—</strong></span> <span class='ocrx_word' id='word_1_689' title='bbox 2340 4968 2594 5044; x_wconf 73' lang='lat' dir='ltr'><strong>deposuit</strong></span> <span class='ocrx_word' id='word_1_690' title='bbox 2618 4974 2676 5027; x_wconf 81' lang='lat' dir='ltr'><strong>in</strong></span> <span class='ocrx_word' id='word_1_691' title='bbox 2700 4970 2817 5029; x_wconf 81' lang='lat' dir='ltr'><strong>loco</strong></span> <span class='ocrx_word' id='word_1_692' title='bbox 2845 4990 2970 5044; x_wconf 78' lang='lat' dir='ltr'><strong>raso</strong></span> <span class='ocrx_word' id='word_1_693' title='bbox 2997 4975 3179 5030; x_wconf 77' lang='lat' dir='ltr'><strong>littera</strong></span> <span class='ocrx_word' id='word_1_694' title='bbox 3207 4976 3405 5033; x_wconf 79' lang='lat' dir='ltr'><strong>minori</strong></span> <span class='ocrx_word' id='word_1_695' title='bbox 3435 4965 3578 5044; x_wconf 53' lang='lat'><strong>3.}??-</strong></span> 
     </span>
    </p>
   </div>
   <div class='ocr_carea' id='block_1_98' title="bbox 292 5035 3582 5121">
    <p class='ocr_par' dir='ltr' id='par_1_98' title="bbox 292 5035 3582 5121">
     <span class='ocr_line' id='line_1_98' title="bbox 292 5035 3582 5121; baseline 0.005 -28"><span class='ocrx_word' id='word_1_696' title='bbox 292 5035 508 5121; x_wconf 44' lang='grc' dir='ltr'><strong>ιάέίη</strong></span> <span class='ocrx_word' id='word_1_697' title='bbox 711 5051 763 5105; x_wconf 88' lang='lat' dir='ltr'><strong>p.</strong></span> <span class='ocrx_word' id='word_1_698' title='bbox 795 5052 849 5109; x_wconf 91' lang='lat' dir='ltr'><strong>p.</strong></span> <span class='ocrx_word' id='word_1_699' title='bbox 876 5053 929 5093; x_wconf 90' lang='lat' dir='ltr'><strong>a.</strong></span> <span class='ocrx_word' id='word_1_700' title='bbox 962 5036 1022 5121; x_wconf 65' lang='lat' dir='ltr'><strong>in</strong></span> <span class='ocrx_word' id='word_1_701' title='bbox 1041 5051 1091 5091; x_wconf 93' lang='lat' dir='ltr'><strong>e.</strong></span> <span class='ocrx_word' id='word_1_702' title='bbox 1110 5038 1176 5121; x_wconf 82' lang='lat' dir='ltr'><strong>_in</strong></span> <span class='ocrx_word' id='word_1_703' title='bbox 1204 5036 1487 5121; x_wconf 51' lang='lat' dir='ltr'><strong>leganrasg</strong></span> <span class='ocrx_word' id='word_1_704' title='bbox 1528 5035 1711 5121; x_wconf 57' lang='lat' dir='ltr'><strong>littera</strong></span> <span class='ocrx_word' id='word_1_705' title='bbox 1756 5037 1969 5121; x_wconf 18' lang='lat' dir='ltr'><strong>minori;</strong></span> <span class='ocrx_word' id='word_1_706' title='bbox 1997 5039 2302 5121; x_wconf 50' lang='lat' dir='ltr'><strong>scriptanlu</strong></span> <span class='ocrx_word' id='word_1_707' title='bbox 2336 5035 2427 5121; x_wconf 46' lang='lat'><strong>.“5</strong></span> <span class='ocrx_word' id='word_1_708' title='bbox 2456 5042 2510 5121; x_wconf 70' lang='lat' dir='ltr'><strong>in</strong></span> <span class='ocrx_word' id='word_1_709' title='bbox 2536 5042 2651 5121; x_wconf 66' lang='lat' dir='ltr'><strong>{aco</strong></span> <span class='ocrx_word' id='word_1_710' title='bbox 2686 5061 2812 5102; x_wconf 80' lang='lat' dir='ltr'><strong>raso</strong></span> <span class='ocrx_word' id='word_1_711' title='bbox 2832 5043 3025 5121; x_wconf 57' lang='lat' dir='ltr'><strong>ﬁnem</strong></span> <span class='ocrx_word' id='word_1_712' title='bbox 3052 5044 3246 5121; x_wconf 68' lang='lat' dir='ltr'><strong>minori</strong></span> <span class='ocrx_word' id='word_1_713' title='bbox 3281 5035 3548 5121; x_wconf 62' lang='grc' dir='ltr'><strong>ρονῦρὶἇὶ</strong></span> <span class='ocrx_word' id='word_1_714' title='bbox 3568 5100 3582 5117; x_wconf 87' lang='grc'><em>,</em></span> 
     </span>
    </p>
   </div>
   <div class='ocr_carea' id='block_1_99' title="bbox 245 5057 3583 5186">
    <p class='ocr_par' dir='ltr' id='par_1_99' title="bbox 245 5057 3583 5186">
     <span class='ocr_line' id='line_1_99' title="bbox 245 5057 3582 5144; baseline 0.004 -54"><span class='ocrx_word' id='word_1_715' title='bbox 245 5057 362 5144; x_wconf 56' lang='grc' dir='ltr'><strong>εει</strong></span> <span class='ocrx_word' id='word_1_716' title='bbox 401 5057 465 5091; x_wconf 78' lang='lat'><strong>1.</strong></span> <span class='ocrx_word' id='word_1_717' title='bbox 548 5057 614 5065; x_wconf 69' lang='grc' dir='ltr'><strong>-η</strong></span> <span class='ocrx_word' id='word_1_718' title='bbox 646 5057 679 5088; x_wconf 93' lang='grc' dir='ltr'><strong>ι.</strong></span> <span class='ocrx_word' id='word_1_719' title='bbox 713 5057 763 5105; x_wconf 85' lang='lat' dir='ltr'><strong>p.</strong></span> <span class='ocrx_word' id='word_1_720' title='bbox 795 5057 849 5109; x_wconf 87' lang='lat' dir='ltr'><strong>p.</strong></span> <span class='ocrx_word' id='word_1_721' title='bbox 876 5057 929 5093; x_wconf 87' lang='lat' dir='ltr'><strong>a.</strong></span> <span class='ocrx_word' id='word_1_722' title='bbox 962 5057 1022 5120; x_wconf 57' lang='lat' dir='ltr'><strong>ut</strong></span> <span class='ocrx_word' id='word_1_723' title='bbox 1041 5057 1091 5091; x_wconf 89' lang='lat' dir='ltr'><strong>e.</strong></span> <span class='ocrx_word' id='word_1_724' title='bbox 1121 5057 1176 5092; x_wconf 78' lang='lat' dir='ltr'><strong>In</strong></span> <span class='ocrx_word' id='word_1_725' title='bbox 1204 5057 1318 5091; x_wconf 80' lang='lat' dir='ltr'><strong>tow</strong></span> <span class='ocrx_word' id='word_1_726' title='bbox 1365 5057 1487 5090; x_wconf 80' lang='lat' dir='ltr'><strong>raso</strong></span> <span class='ocrx_word' id='word_1_727' title='bbox 1528 5057 1711 5093; x_wconf 81' lang='lat' dir='ltr'><strong>unera</strong></span> <span class='ocrx_word' id='word_1_728' title='bbox 1756 5057 1969 5120; x_wconf 21' lang='lat' dir='ltr'><strong>mmor);</strong></span> <span class='ocrx_word' id='word_1_729' title='bbox 1997 5057 2199 5110; x_wconf 68' lang='grc' dir='ltr'><strong>κηρία</strong></span> <span class='ocrx_word' id='word_1_730' title='bbox 2229 5057 2302 5093; x_wconf 82' lang='grc'><strong>1.-</strong></span> <span class='ocrx_word' id='word_1_731' title='bbox 2358 5057 2427 5071; x_wconf 84' lang='grc'><strong>·’·</strong></span> <span class='ocrx_word' id='word_1_732' title='bbox 2456 5057 2510 5123; x_wconf 64' lang='lat' dir='ltr'><strong>tn</strong></span> <span class='ocrx_word' id='word_1_733' title='bbox 2536 5057 2651 5098; x_wconf 78' lang='lat' dir='ltr'><strong>loco</strong></span> <span class='ocrx_word' id='word_1_734' title='bbox 2686 5061 2812 5102; x_wconf 80' lang='lat' dir='ltr'><strong>raso</strong></span> <span class='ocrx_word' id='word_1_735' title='bbox 2837 5057 3025 5125; x_wconf 54' lang='lat' dir='ltr'><strong>(mera</strong></span> <span class='ocrx_word' id='word_1_736' title='bbox 3052 5060 3246 5128; x_wconf 54' lang='lat' dir='ltr'><strong>minor:</strong></span> <span class='ocrx_word' id='word_1_737' title='bbox 3283 5057 3499 5121; x_wconf 72' lang='lat' dir='ltr'><strong>scripta</strong></span> <span class='ocrx_word' id='word_1_738' title='bbox 3526 5061 3582 5117; x_wconf 61' lang='grc' dir='ltr'><strong>ς,</strong></span> 
     </span>
     <span class='ocr_line' id='line_1_100' title="bbox 365 5102 3583 5186; baseline 0.003 -24"><span class='ocrx_word' id='word_1_739' title='bbox 365 5102 605 5186; x_wconf 54' lang='grc' dir='ltr'><strong>Χιιικ.</strong></span> <span class='ocrx_word' id='word_1_740' title='bbox 633 5104 767 5186; x_wconf 66' lang='lat' dir='ltr'><strong>Aug.</strong></span> <span class='ocrx_word' id='word_1_741' title='bbox 793 5124 957 5186; x_wconf 60' lang='lat' dir='ltr'><strong>supra</strong></span> <span class='ocrx_word' id='word_1_742' title='bbox 979 5105 1077 5186; x_wconf 55' lang='lat' dir='ltr'><strong>(tu.</strong></span> <span class='ocrx_word' id='word_1_743' title='bbox 1104 5108 1155 5163; x_wconf 89' lang='grc'><strong>1.</strong></span> <span class='ocrx_word' id='word_1_744' title='bbox 1224 5104 1412 5186; x_wconf 44' lang='lat' dir='ltr'><strong>“f-Yl.</strong></span> <span class='ocrx_word' id='word_1_745' title='bbox 1544 5105 1898 5186; x_wconf 58' lang='lat' dir='ltr'><strong>Febr._supra</strong></span> <span class='ocrx_word' id='word_1_746' title='bbox 1928 5108 2025 5163; x_wconf 88' lang='lat' dir='ltr'><strong>lm.</strong></span> <span class='ocrx_word' id='word_1_747' title='bbox 2190 5109 2258 5186; x_wconf 67' lang='grc' dir='ltr'><strong>Ψ</strong></span> <span class='ocrx_word' id='word_1_748' title='bbox 2286 5108 2426 5186; x_wconf 71' lang='lat' dir='ltr'><strong>ads.</strong></span> <span class='ocrx_word' id='word_1_749' title='bbox 2456 5127 2515 5166; x_wconf 70' lang='grc' dir='ltr'><strong>τη</strong></span> <span class='ocrx_word' id='word_1_750' title='bbox 2533 5113 2651 5186; x_wconf 62' lang='lat' dir='ltr'><strong>loco</strong></span> <span class='ocrx_word' id='word_1_751' title='bbox 2679 5130 2804 5171; x_wconf 77' lang='lat' dir='ltr'><strong>raso</strong></span> <span class='ocrx_word' id='word_1_752' title='bbox 2823 5113 3014 5173; x_wconf 71' lang='lat' dir='ltr'><strong>(mera</strong></span> <span class='ocrx_word' id='word_1_753' title='bbox 3044 5130 3238 5171; x_wconf 72' lang='lat' dir='ltr'><strong>mmor:</strong></span> <span class='ocrx_word' id='word_1_754' title='bbox 3268 5118 3322 5172; x_wconf 81' lang='grc'><strong>1.</strong></span> <span class='ocrx_word' id='word_1_755' title='bbox 3374 5130 3383 5155; x_wconf 63' lang='grc' dir='ltr'><strong><em>ἰ</em></strong></span> <span class='ocrx_word' id='word_1_756' title='bbox 3403 5122 3482 5162; x_wconf 67' lang='grc'><strong>³⁸⁸</strong></span> <span class='ocrx_word' id='word_1_757' title='bbox 3515 5130 3583 5186; x_wconf 76' lang='grc' dir='ltr'><strong>ῃ,</strong></span> 
     </span>
    </p>
   </div>
   <div class='ocr_carea' id='block_1_100' title="bbox 247 5174 2551 5249">
    <p class='ocr_par' dir='ltr' id='par_1_100' title="bbox 247 5174 2551 5249">
     <span class='ocr_line' id='line_1_101' title="bbox 247 5174 2551 5249; baseline 0.005 -23"><span class='ocrx_word' id='word_1_758' title='bbox 247 5174 865 5235; x_wconf 61' lang='grc' dir='ltr'><strong>..ωηειιιεωειῑῆανίί</strong></span> <span class='ocrx_word' id='word_1_759' title='bbox 889 5178 945 5232; x_wconf 70' lang='lat' dir='ltr'><strong>in</strong></span> <span class='ocrx_word' id='word_1_760' title='bbox 980 5174 1097 5231; x_wconf 84' lang='lat' dir='ltr'><strong>loco</strong></span> <span class='ocrx_word' id='word_1_761' title='bbox 1126 5192 1253 5233; x_wconf 76' lang='lat' dir='ltr'><strong>raso</strong></span> <span class='ocrx_word' id='word_1_762' title='bbox 1276 5174 1387 5230; x_wconf 81' lang='lat' dir='ltr'><strong>litt.</strong></span> <span class='ocrx_word' id='word_1_763' title='bbox 1418 5177 1546 5232; x_wconf 83' lang='lat' dir='ltr'><strong>min.</strong></span> <span class='ocrx_word' id='word_1_764' title='bbox 1582 5178 1636 5237; x_wconf 82' lang='grc'><strong>1.</strong></span> <span class='ocrx_word' id='word_1_765' title='bbox 1709 5174 1991 5249; x_wconf 69' lang='lat' dir='ltr'><strong>“&quot;sttpra</strong></span> <span class='ocrx_word' id='word_1_766' title='bbox 2041 5178 2235 5235; x_wconf 71' lang='lat' dir='ltr'><strong>limam</strong></span> <span class='ocrx_word' id='word_1_767' title='bbox 2284 5178 2495 5248; x_wconf 79' lang='lat' dir='ltr'><strong>adjecta</strong></span> <span class='ocrx_word' id='word_1_768' title='bbox 2526 5183 2551 5237; x_wconf 90' lang='grc'><strong>1</strong></span> 
     </span>
    </p>
   </div>
   <div class='ocr_carea' id='block_1_101' title="bbox 1792 5326 2046 5387">
    <p class='ocr_par' dir='ltr' id='par_1_101' title="bbox 1792 5326 2046 5387">
     <span class='ocr_line' id='line_1_102' title="bbox 1792 5326 2046 5387; baseline -0.008 -2"><span class='ocrx_word' id='word_1_769' title='bbox 1792 5350 1797 5355; x_wconf 74' lang='grc'><strong>’</strong></span> <span class='ocrx_word' id='word_1_770' title='bbox 1814 5326 2046 5387; x_wconf 64' lang='lat' dir='ltr'><strong>NOTAE.</strong></span> 
     </span>
    </p>
   </div>
   <div class='ocr_carea' id='block_1_102' title="bbox 320 5431 1029 5474">
    <p class='ocr_par' dir='ltr' id='par_1_102' title="bbox 320 5431 1029 5474">
     <span class='ocr_line' id='line_1_103' title="bbox 320 5431 1029 5474; baseline 0.003 -2"><span class='ocrx_word' id='word_1_771' title='bbox 320 5436 475 5472; x_wconf 55' lang='lat' dir='ltr'><strong>“tu</strong></span> <span class='ocrx_word' id='word_1_772' title='bbox 490 5433 549 5472; x_wconf 76' lang='grc' dir='ltr'>ω</span> <span class='ocrx_word' id='word_1_773' title='bbox 578 5431 745 5468; x_wconf 69' lang='lat' dir='ltr'><strong>&quot;mut</strong></span> <span class='ocrx_word' id='word_1_774' title='bbox 774 5437 866 5474; x_wconf 71' lang='lat' dir='ltr'><strong>YY</strong></span> <span class='ocrx_word' id='word_1_775' title='bbox 922 5434 1029 5474; x_wconf 65' lang='grc' dir='ltr'><strong>ειη-1</strong></span> 
     </span>
    </p>
   </div>
   <div class='ocr_carea' id='block_1_103' title="bbox 2055 5439 3479 5474">
    <p class='ocr_par' dir='ltr' id='par_1_103' title="bbox 2055 5439 3479 5474">
     <span class='ocr_line' id='line_1_104' title="bbox 2055 5439 3479 5474; baseline 0 0"><span class='ocrx_word' id='word_1_776' title='bbox 2055 5443 2239 5474; x_wconf 62' lang='lat' dir='ltr'><strong>naui</strong></span> <span class='ocrx_word' id='word_1_777' title='bbox 2277 5439 2351 5474; x_wconf 57' lang='grc' dir='ltr'><strong>τι..</strong></span> <span class='ocrx_word' id='word_1_778' title='bbox 2405 5439 2544 5474; x_wconf 63' lang='grc' dir='ltr'><strong>ἣν...</strong></span> <span class='ocrx_word' id='word_1_779' title='bbox 2589 5446 2643 5474; x_wconf 71' lang='grc' dir='ltr'><strong>ε..</strong></span> <span class='ocrx_word' id='word_1_780' title='bbox 2694 5446 2881 5474; x_wconf 62' lang='grc' dir='ltr'><strong>μηδι...</strong></span> <span class='ocrx_word' id='word_1_781' title='bbox 2954 5449 3178 5474; x_wconf 55' lang='grc' dir='ltr'><strong>---ηιμ</strong></span> <span class='ocrx_word' id='word_1_782' title='bbox 3227 5449 3479 5474; x_wconf 73' lang='lat' dir='ltr'><strong>.I-..__-.</strong></span> 
     </span>
    </p>
   </div>
  </div>
