  <div class='ocr_page' id='page_1' title='image "/cluster/home/n/w/nwhite01/storage/ocr_20150623/148/hvd.32044015471840/687.png"; bbox 0 0 3996 5474; ppageno 0'>
   <div class='ocr_carea' id='block_1_1' title="bbox 463 302 601 358">
    <p class='ocr_par' dir='ltr' id='par_1_1' title="bbox 463 302 601 358">
     <span class='ocr_line' id='line_1_1' title="bbox 463 302 601 358; baseline 0.014 -2"><span class='ocrx_word' id='word_1_1' title='bbox 463 302 601 358; x_wconf 82' lang='grc'><strong>1579</strong></span> 
     </span>
    </p>
   </div>
   <div class='ocr_carea' id='block_1_2' title="bbox 1452 252 2819 351">
    <p class='ocr_par' dir='ltr' id='par_1_2' title="bbox 1452 252 2819 351">
     <span class='ocr_line' id='line_1_2' title="bbox 1452 252 2819 351; baseline -0.009 -1"><span class='ocrx_word' id='word_1_2' title='bbox 1452 296 1543 350; x_wconf 66' lang='lat' dir='ltr'><strong>an</strong></span> <span class='ocrx_word' id='word_1_3' title='bbox 1580 293 1807 351; x_wconf 70' lang='lat' dir='ltr'><strong>Ol’l-ZRA</strong></span> <span class='ocrx_word' id='word_1_4' title='bbox 1848 292 1906 347; x_wconf 89' lang='lat' dir='ltr'><strong>s.</strong></span> <span class='ocrx_word' id='word_1_5' title='bbox 1946 287 2273 346; x_wconf 72' lang='lat' dir='ltr'><strong>cnuconn</strong></span> <span class='ocrx_word' id='word_1_6' title='bbox 2310 284 2747 342; x_wconf 73' lang='lat' dir='ltr'><strong>APPENDICES.</strong></span> <span class='ocrx_word' id='word_1_7' title='bbox 2814 252 2819 255; x_wconf 23' lang='grc'><strong>⁸</strong></span> 
     </span>
    </p>
   </div>
   <div class='ocr_carea' id='block_1_3' title="bbox 3594 282 3723 339">
    <p class='ocr_par' dir='ltr' id='par_1_3' title="bbox 3594 282 3723 339">
     <span class='ocr_line' id='line_1_3' title="bbox 3594 282 3723 339; baseline 0.023 -3"><span class='ocrx_word' id='word_1_8' title='bbox 3594 282 3723 339; x_wconf 75' lang='grc'><strong>1380</strong></span> 
     </span>
    </p>
   </div>
   <div class='ocr_carea' id='block_1_4' title="bbox 461 405 2071 491">
    <p class='ocr_par' dir='ltr' id='par_1_4' title="bbox 461 405 2046 486">
     <span class='ocr_line' id='line_1_4' title="bbox 461 405 2046 486; baseline -0.006 -18"><span class='ocrx_word' id='word_1_9' title='bbox 461 415 616 485; x_wconf 82' lang='lat' dir='ltr'><strong>(Jun.</strong></span> <span class='ocrx_word' id='word_1_10' title='bbox 647 414 763 486; x_wconf 76' lang='lat'><strong>9.5),</strong></span> <span class='ocrx_word' id='word_1_11' title='bbox 791 423 846 470; x_wconf 88' lang='lat' dir='ltr'><strong>et</strong></span> <span class='ocrx_word' id='word_1_12' title='bbox 890 413 1232 477; x_wconf 87' lang='lat' dir='ltr'><strong>Guibertum,</strong></span> <span class='ocrx_word' id='word_1_13' title='bbox 1276 411 1645 466; x_wconf 72' lang='lat' dir='ltr'><strong>Ravennatem</strong></span> <span class='ocrx_word' id='word_1_14' title='bbox 1672 408 1740 440; x_wconf 75' lang='grc'><strong>³⁸⁸</strong></span> <span class='ocrx_word' id='word_1_15' title='bbox 1769 405 2046 477; x_wconf 87' lang='lat' dir='ltr'><strong>quondam</strong></span> 
     </span>
    </p>
   </div>
   <div class='ocr_carea' id='block_1_5' title="bbox 2180 405 3724 491">
    <p class='ocr_par' dir='ltr' id='par_1_5' title="bbox 2180 417 3724 491">
     <span class='ocr_line' id='line_1_5' title="bbox 2180 417 3724 491; baseline -0.005 -12"><span class='ocrx_word' id='word_1_16' title='bbox 2180 433 2270 479; x_wconf 92' lang='lat' dir='ltr'><strong>ent</strong></span> <span class='ocrx_word' id='word_1_17' title='bbox 2298 438 2548 479; x_wconf 89' lang='lat' dir='ltr'><strong>numero.</strong></span> <span class='ocrx_word' id='word_1_18' title='bbox 2577 421 2919 491; x_wconf 84' lang='lat' dir='ltr'><strong>Quapropter</strong></span> <span class='ocrx_word' id='word_1_19' title='bbox 2954 430 3046 473; x_wconf 81' lang='lat' dir='ltr'><strong>rex</strong></span> <span class='ocrx_word' id='word_1_20' title='bbox 3079 417 3146 474; x_wconf 90' lang='lat' dir='ltr'><strong>de</strong></span> <span class='ocrx_word' id='word_1_21' title='bbox 3174 417 3361 473; x_wconf 90' lang='lat' dir='ltr'><strong>divino</strong></span> <span class='ocrx_word' id='word_1_22' title='bbox 3395 417 3604 472; x_wconf 81' lang='lat' dir='ltr'><strong>auxilio</strong></span> <span class='ocrx_word' id='word_1_23' title='bbox 3636 420 3724 473; x_wconf 78' lang='lat' dir='ltr'><strong>tali</strong></span> 
     </span>
    </p>
   </div>
   <div class='ocr_carea' id='block_1_6' title="bbox 462 499 2044 580">
    <p class='ocr_par' dir='ltr' id='par_1_6' title="bbox 462 499 2044 580">
     <span class='ocr_line' id='line_1_6' title="bbox 462 499 2044 580; baseline -0.008 -16"><span class='ocrx_word' id='word_1_24' title='bbox 462 510 805 580; x_wconf 78' lang='lat' dir='ltr'><strong>episcopum,</strong></span> <span class='ocrx_word' id='word_1_25' title='bbox 833 517 914 563; x_wconf 87' lang='lat' dir='ltr'><strong>set</strong></span> <span class='ocrx_word' id='word_1_26' title='bbox 941 507 1053 577; x_wconf 92' lang='lat' dir='ltr'><strong>jam</strong></span> <span class='ocrx_word' id='word_1_27' title='bbox 1093 505 1332 560; x_wconf 88' lang='lat' dir='ltr'><strong>triennio</strong></span> <span class='ocrx_word' id='word_1_28' title='bbox 1371 520 1400 559; x_wconf 93' lang='lat' dir='ltr'><strong>a</strong></span> <span class='ocrx_word' id='word_1_29' title='bbox 1441 520 1580 574; x_wconf 88' lang='lat' dir='ltr'><strong>papa</strong></span> <span class='ocrx_word' id='word_1_30' title='bbox 1607 500 1873 571; x_wconf 86' lang='lat' dir='ltr'><strong>Gregorio</strong></span> <span class='ocrx_word' id='word_1_31' title='bbox 1901 499 2044 553; x_wconf 86' lang='lat' dir='ltr'><strong>inre-</strong></span> 
     </span>
    </p>
   </div>
   <div class='ocr_carea' id='block_1_7' title="bbox 464 592 2045 672">
    <p class='ocr_par' dir='ltr' id='par_1_7' title="bbox 464 592 2045 672">
     <span class='ocr_line' id='line_1_7' title="bbox 464 592 2045 672; baseline -0.008 -16"><span class='ocrx_word' id='word_1_32' title='bbox 464 598 1240 672; x_wconf 66' lang='lat' dir='ltr'><strong>cuperabiliterdeposituan3</strong></span> <span class='ocrx_word' id='word_1_33' title='bbox 1252 606 1307 652; x_wconf 88' lang='lat' dir='ltr'><strong>et</strong></span> <span class='ocrx_word' id='word_1_34' title='bbox 1319 592 2045 662; x_wconf 74' lang='lat' dir='ltr'><strong>anathematizatnm(l516),</strong></span> 
     </span>
    </p>
   </div>
   <div class='ocr_carea' id='block_1_8' title="bbox 465 681 2039 762">
    <p class='ocr_par' dir='ltr' id='par_1_8' title="bbox 465 681 2039 762">
     <span class='ocr_line' id='line_1_8' title="bbox 465 681 2039 762; baseline -0.01 -13"><span class='ocrx_word' id='word_1_35' title='bbox 465 694 571 749; x_wconf 83' lang='lat' dir='ltr'><strong>sibi</strong></span> <span class='ocrx_word' id='word_1_36' title='bbox 619 708 725 747; x_wconf 88' lang='lat' dir='ltr'><strong>non</strong></span> <span class='ocrx_word' id='word_1_37' title='bbox 770 692 824 746; x_wconf 91' lang='lat' dir='ltr'><strong>in</strong></span> <span class='ocrx_word' id='word_1_38' title='bbox 861 706 1080 762; x_wconf 88' lang='lat' dir='ltr'><strong>papam,</strong></span> <span class='ocrx_word' id='word_1_39' title='bbox 1113 699 1195 746; x_wconf 90' lang='lat' dir='ltr'><strong>set</strong></span> <span class='ocrx_word' id='word_1_40' title='bbox 1241 690 1295 744; x_wconf 91' lang='lat' dir='ltr'><strong>in</strong></span> <span class='ocrx_word' id='word_1_41' title='bbox 1327 686 1731 744; x_wconf 83' lang='lat' dir='ltr'><strong>heresiareham</strong></span> <span class='ocrx_word' id='word_1_42' title='bbox 1765 682 1927 753; x_wconf 91' lang='lat' dir='ltr'><strong>elegit</strong></span> <span class='ocrx_word' id='word_1_43' title='bbox 1949 681 2039 734; x_wconf 73' lang='grc'><strong>⁸⁸⁸.</strong></span> 
     </span>
    </p>
   </div>
   <div class='ocr_carea' id='block_1_9' title="bbox 466 774 2047 854">
    <p class='ocr_par' dir='ltr' id='par_1_9' title="bbox 466 774 2047 854">
     <span class='ocr_line' id='line_1_9' title="bbox 466 774 2047 854; baseline -0.006 -16"><span class='ocrx_word' id='word_1_44' title='bbox 466 784 672 839; x_wconf 88' lang='lat' dir='ltr'><strong>Deinde</strong></span> <span class='ocrx_word' id='word_1_45' title='bbox 715 784 857 854; x_wconf 86' lang='lat' dir='ltr'><strong>apud</strong></span> <span class='ocrx_word' id='word_1_46' title='bbox 902 781 1231 853; x_wconf 78' lang='lat' dir='ltr'><strong>Magontiam</strong></span> <span class='ocrx_word' id='word_1_47' title='bbox 1283 789 1553 838; x_wconf 87' lang='lat' dir='ltr'><strong>conventu</strong></span> <span class='ocrx_word' id='word_1_48' title='bbox 1606 777 1770 845; x_wconf 89' lang='lat' dir='ltr'><strong>facto,</strong></span> <span class='ocrx_word' id='word_1_49' title='bbox 1820 774 2047 831; x_wconf 83' lang='lat' dir='ltr'><strong>eandem</strong></span> 
     </span>
    </p>
   </div>
   <div class='ocr_carea' id='block_1_10' title="bbox 467 869 2049 948">
    <p class='ocr_par' dir='ltr' id='par_1_10' title="bbox 467 869 2049 948">
     <span class='ocr_line' id='line_1_10' title="bbox 467 869 2049 948; baseline -0.006 -16"><span class='ocrx_word' id='word_1_50' title='bbox 467 880 641 948; x_wconf 88' lang='lat' dir='ltr'><strong>ipsam</strong></span> <span class='ocrx_word' id='word_1_51' title='bbox 672 877 994 932; x_wconf 90' lang='lat' dir='ltr'><strong>electionem</strong></span> <span class='ocrx_word' id='word_1_52' title='bbox 1016 892 1047 931; x_wconf 92' lang='lat' dir='ltr'><strong>a</strong></span> <span class='ocrx_word' id='word_1_53' title='bbox 1072 876 1511 947; x_wconf 87' lang='lat' dir='ltr'><strong>quibuscumque</strong></span> <span class='ocrx_word' id='word_1_54' title='bbox 1540 871 1716 943; x_wconf 92' lang='lat' dir='ltr'><strong>potuit</strong></span> <span class='ocrx_word' id='word_1_55' title='bbox 1737 869 2049 927; x_wconf 80' lang='lat' dir='ltr'><strong>confirmari</strong></span> 
     </span>
    </p>
   </div>
   <div class='ocr_carea' id='block_1_11' title="bbox 465 963 2050 1033">
    <p class='ocr_par' dir='ltr' id='par_1_11' title="bbox 465 963 2050 1033">
     <span class='ocr_line' id='line_1_11' title="bbox 465 963 2050 1033; baseline -0.004 -10"><span class='ocrx_word' id='word_1_56' title='bbox 465 968 615 1024; x_wconf 89' lang='lat' dir='ltr'><strong>fecit.</strong></span> <span class='ocrx_word' id='word_1_57' title='bbox 653 966 772 1023; x_wconf 86' lang='lat' dir='ltr'><strong>Jam</strong></span> <span class='ocrx_word' id='word_1_58' title='bbox 798 976 980 1023; x_wconf 85' lang='lat' dir='ltr'><strong>autem</strong></span> <span class='ocrx_word' id='word_1_59' title='bbox 1003 968 1275 1024; x_wconf 83' lang='lat' dir='ltr'><strong>mediante</strong></span> <span class='ocrx_word' id='word_1_60' title='bbox 1304 964 1547 1031; x_wconf 80' lang='lat' dir='ltr'><strong>Octobri,</strong></span> <span class='ocrx_word' id='word_1_61' title='bbox 1575 963 1864 1020; x_wconf 88' lang='lat' dir='ltr'><strong>Ileinricus</strong></span> <span class='ocrx_word' id='word_1_62' title='bbox 1883 977 2050 1033; x_wconf 80' lang='lat' dir='ltr'><strong>cxpe-</strong></span> 
     </span>
    </p>
   </div>
   <div class='ocr_carea' id='block_1_12' title="bbox 466 1056 2054 1129">
    <p class='ocr_par' dir='ltr' id='par_1_12' title="bbox 466 1056 2054 1129">
     <span class='ocr_line' id='line_1_12' title="bbox 466 1056 2054 1129; baseline -0.003 -14"><span class='ocrx_word' id='word_1_63' title='bbox 466 1060 730 1115; x_wconf 88' lang='lat' dir='ltr'><strong>ditionem</strong></span> <span class='ocrx_word' id='word_1_64' title='bbox 782 1059 837 1114; x_wconf 88' lang='lat' dir='ltr'><strong>in</strong></span> <span class='ocrx_word' id='word_1_65' title='bbox 890 1059 1183 1115; x_wconf 80' lang='lat' dir='ltr'><strong>Saxoniam</strong></span> <span class='ocrx_word' id='word_1_66' title='bbox 1217 1060 1413 1114; x_wconf 83' lang='lat' dir='ltr'><strong>iterum</strong></span> <span class='ocrx_word' id='word_1_67' title='bbox 1454 1073 1675 1129; x_wconf 89' lang='lat' dir='ltr'><strong>parans,</strong></span> <span class='ocrx_word' id='word_1_68' title='bbox 1728 1072 1758 1112; x_wconf 89' lang='lat' dir='ltr'><strong>a</strong></span> <span class='ocrx_word' id='word_1_69' title='bbox 1789 1056 2054 1111; x_wconf 91' lang='lat' dir='ltr'><strong>militibus</strong></span> 
     </span>
    </p>
   </div>
   <div class='ocr_carea' id='block_1_13' title="bbox 466 1148 2054 1223">
    <p class='ocr_par' dir='ltr' id='par_1_13' title="bbox 466 1148 2054 1223">
     <span class='ocr_line' id='line_1_13' title="bbox 466 1148 2054 1223; baseline -0.003 -16"><span class='ocrx_word' id='word_1_70' title='bbox 466 1151 720 1208; x_wconf 81' lang='lat' dir='ltr'><strong>Roudolli</strong></span> <span class='ocrx_word' id='word_1_71' title='bbox 752 1153 944 1207; x_wconf 87' lang='lat' dir='ltr'><strong>itinere</strong></span> <span class='ocrx_word' id='word_1_72' title='bbox 982 1152 1145 1208; x_wconf 91' lang='lat' dir='ltr'><strong>unius</strong></span> <span class='ocrx_word' id='word_1_73' title='bbox 1173 1152 1281 1207; x_wconf 92' lang='lat' dir='ltr'><strong>dici</strong></span> <span class='ocrx_word' id='word_1_74' title='bbox 1320 1151 1559 1223; x_wconf 78' lang='lat' dir='ltr'><strong>fugatur,</strong></span> <span class='ocrx_word' id='word_1_75' title='bbox 1597 1150 1851 1220; x_wconf 81' lang='lat' dir='ltr'><strong>quamvis</strong></span> <span class='ocrx_word' id='word_1_76' title='bbox 1878 1148 1932 1203; x_wconf 92' lang='lat' dir='ltr'><strong>in</strong></span> <span class='ocrx_word' id='word_1_77' title='bbox 1961 1163 2054 1203; x_wconf 88' lang='lat' dir='ltr'><strong>ea-</strong></span> 
     </span>
    </p>
   </div>
   <div class='ocr_carea' id='block_1_14' title="bbox 469 1228 2053 1314">
    <p class='ocr_par' dir='ltr' id='par_1_14' title="bbox 469 1228 2053 1314">
     <span class='ocr_line' id='line_1_14' title="bbox 469 1228 2053 1314; baseline -0.004 -17"><span class='ocrx_word' id='word_1_78' title='bbox 469 1241 592 1297; x_wconf 89' lang='lat' dir='ltr'><strong>dem</strong></span> <span class='ocrx_word' id='word_1_79' title='bbox 622 1228 1013 1314; x_wconf 79' lang='lat' dir='ltr'><strong>congressione</strong></span> <span class='ocrx_word' id='word_1_80' title='bbox 1042 1239 1346 1296; x_wconf 82' lang='lat' dir='ltr'><strong>Roudolfus</strong></span> <span class='ocrx_word' id='word_1_81' title='bbox 1380 1256 1475 1295; x_wconf 84' lang='lat' dir='ltr'><strong>rex</strong></span> <span class='ocrx_word' id='word_1_82' title='bbox 1516 1239 1618 1310; x_wconf 63' lang='lat' dir='ltr'><strong>piae</strong></span> <span class='ocrx_word' id='word_1_83' title='bbox 1659 1237 1936 1294; x_wconf 72' lang='lat' dir='ltr'><strong>memoriae</strong></span> <span class='ocrx_word' id='word_1_84' title='bbox 1957 1251 2053 1292; x_wconf 89' lang='lat' dir='ltr'><strong>0c-</strong></span> 
     </span>
    </p>
   </div>
   <div class='ocr_carea' id='block_1_15' title="bbox 470 1330 2056 1404">
    <p class='ocr_par' dir='ltr' id='par_1_15' title="bbox 470 1330 2056 1404">
     <span class='ocr_line' id='line_1_15' title="bbox 470 1330 2056 1404; baseline -0.003 -13"><span class='ocrx_word' id='word_1_85' title='bbox 470 1334 723 1390; x_wconf 90' lang='lat' dir='ltr'><strong>cubuerit</strong></span> <span class='ocrx_word' id='word_1_86' title='bbox 752 1333 895 1404; x_wconf 77' lang='lat' dir='ltr'><strong>(Oct.</strong></span> <span class='ocrx_word' id='word_1_87' title='bbox 934 1334 1043 1403; x_wconf 82' lang='grc'><strong>15).</strong></span> <span class='ocrx_word' id='word_1_88' title='bbox 1092 1332 1204 1399; x_wconf 91' lang='lat' dir='ltr'><strong>Ille,</strong></span> <span class='ocrx_word' id='word_1_89' title='bbox 1261 1334 1506 1404; x_wconf 88' lang='lat' dir='ltr'><strong>inquam,</strong></span> <span class='ocrx_word' id='word_1_90' title='bbox 1547 1332 1684 1387; x_wconf 82' lang='lat' dir='ltr'><strong>alter</strong></span> <span class='ocrx_word' id='word_1_91' title='bbox 1729 1330 2056 1386; x_wconf 79' lang='lat' dir='ltr'><strong>Maehabeus</strong></span> 
     </span>
    </p>
   </div>
   <div class='ocr_carea' id='block_1_16' title="bbox 470 1422 2056 1496">
    <p class='ocr_par' dir='ltr' id='par_1_16' title="bbox 470 1422 2056 1496">
     <span class='ocr_line' id='line_1_16' title="bbox 470 1422 2056 1496; baseline -0.004 -13"><span class='ocrx_word' id='word_1_92' title='bbox 470 1442 599 1483; x_wconf 91' lang='lat' dir='ltr'><strong>cum</strong></span> <span class='ocrx_word' id='word_1_93' title='bbox 621 1427 762 1481; x_wconf 89' lang='lat' dir='ltr'><strong>inter</strong></span> <span class='ocrx_word' id='word_1_94' title='bbox 782 1426 991 1496; x_wconf 91' lang='lat' dir='ltr'><strong>primos</strong></span> <span class='ocrx_word' id='word_1_95' title='bbox 1014 1426 1264 1482; x_wconf 87' lang='lat' dir='ltr'><strong>hostibus</strong></span> <span class='ocrx_word' id='word_1_96' title='bbox 1283 1426 1535 1491; x_wconf 85' lang='lat' dir='ltr'><strong>instaret,</strong></span> <span class='ocrx_word' id='word_1_97' title='bbox 1562 1424 1618 1478; x_wconf 92' lang='lat' dir='ltr'><strong>in</strong></span> <span class='ocrx_word' id='word_1_98' title='bbox 1638 1423 1861 1479; x_wconf 88' lang='lat' dir='ltr'><strong>servitio</strong></span> <span class='ocrx_word' id='word_1_99' title='bbox 1882 1422 2056 1477; x_wconf 89' lang='lat' dir='ltr'><strong>sancti</strong></span> 
     </span>
    </p>
   </div>
   <div class='ocr_carea' id='block_1_17' title="bbox 470 1515 2060 1588">
    <p class='ocr_par' dir='ltr' id='par_1_17' title="bbox 470 1515 2060 1588">
     <span class='ocr_line' id='line_1_17' title="bbox 470 1515 2060 1588; baseline -0.001 -17"><span class='ocrx_word' id='word_1_100' title='bbox 470 1517 618 1573; x_wconf 83' lang='lat' dir='ltr'><strong>Petri</strong></span> <span class='ocrx_word' id='word_1_101' title='bbox 664 1518 988 1572; x_wconf 90' lang='lat' dir='ltr'><strong>occumbere</strong></span> <span class='ocrx_word' id='word_1_102' title='bbox 1024 1518 1344 1588; x_wconf 82' lang='lat' dir='ltr'><strong>promeruit,</strong></span> <span class='ocrx_word' id='word_1_103' title='bbox 1374 1527 1429 1572; x_wconf 89' lang='lat' dir='ltr'><strong>ct</strong></span> <span class='ocrx_word' id='word_1_104' title='bbox 1470 1527 1657 1587; x_wconf 83' lang='lat' dir='ltr'><strong>postea</strong></span> <span class='ocrx_word' id='word_1_105' title='bbox 1699 1532 1810 1571; x_wconf 90' lang='lat' dir='ltr'><strong>uno</strong></span> <span class='ocrx_word' id='word_1_106' title='bbox 1852 1515 1939 1571; x_wconf 88' lang='lat' dir='ltr'><strong>die</strong></span> <span class='ocrx_word' id='word_1_107' title='bbox 1967 1529 2060 1571; x_wconf 88' lang='lat' dir='ltr'><strong>su-</strong></span> 
     </span>
    </p>
   </div>
   <div class='ocr_carea' id='block_1_18' title="bbox 470 1606 2057 1680">
    <p class='ocr_par' dir='ltr' id='par_1_18' title="bbox 470 1606 2057 1680">
     <span class='ocr_line' id='line_1_18' title="bbox 470 1606 2057 1680; baseline -0.002 -17"><span class='ocrx_word' id='word_1_108' title='bbox 470 1616 702 1680; x_wconf 85' lang='lat' dir='ltr'><strong>perstes,</strong></span> <span class='ocrx_word' id='word_1_109' title='bbox 732 1609 987 1664; x_wconf 88' lang='lat' dir='ltr'><strong>omnibus</strong></span> <span class='ocrx_word' id='word_1_110' title='bbox 1034 1609 1148 1664; x_wconf 83' lang='lat' dir='ltr'><strong>suis</strong></span> <span class='ocrx_word' id='word_1_111' title='bbox 1180 1609 1281 1664; x_wconf 88' lang='lat' dir='ltr'><strong>rite</strong></span> <span class='ocrx_word' id='word_1_112' title='bbox 1330 1609 1619 1673; x_wconf 79' lang='lat' dir='ltr'><strong>ordinatis,</strong></span> <span class='ocrx_word' id='word_1_113' title='bbox 1665 1608 1730 1663; x_wconf 90' lang='lat' dir='ltr'><strong>ad</strong></span> <span class='ocrx_word' id='word_1_114' title='bbox 1768 1606 2057 1662; x_wconf 85' lang='lat' dir='ltr'><strong>Dominum</strong></span> 
     </span>
    </p>
   </div>
   <div class='ocr_carea' id='block_1_19' title="bbox 2149 509 3727 585">
    <p class='ocr_par' dir='ltr' id='par_1_19' title="bbox 2149 509 3727 585">
     <span class='ocr_line' id='line_1_19' title="bbox 2149 509 3727 585; baseline -0.005 -14"><span class='ocrx_word' id='word_1_115' title='bbox 2149 516 2427 585; x_wconf 89' lang='lat' dir='ltr'><strong>triumpho</strong></span> <span class='ocrx_word' id='word_1_116' title='bbox 2453 513 2805 579; x_wconf 85' lang='lat' dir='ltr'><strong>certiiicatus,</strong></span> <span class='ocrx_word' id='word_1_117' title='bbox 2834 510 3020 567; x_wconf 86' lang='lat' dir='ltr'><strong>eadem</strong></span> <span class='ocrx_word' id='word_1_118' title='bbox 3055 518 3213 566; x_wconf 89' lang='lat' dir='ltr'><strong>nocte</strong></span> <span class='ocrx_word' id='word_1_119' title='bbox 3238 509 3293 565; x_wconf 90' lang='lat' dir='ltr'><strong>in</strong></span> <span class='ocrx_word' id='word_1_120' title='bbox 3334 523 3535 579; x_wconf 86' lang='lat' dir='ltr'><strong>campo</strong></span> <span class='ocrx_word' id='word_1_121' title='bbox 3556 510 3727 564; x_wconf 78' lang='lat' dir='ltr'><strong>victo-</strong></span> 
     </span>
    </p>
   </div>
   <div class='ocr_carea' id='block_1_20' title="bbox 2150 601 3727 673">
    <p class='ocr_par' dir='ltr' id='par_1_20' title="bbox 2150 601 3727 673">
     <span class='ocr_line' id='line_1_20' title="bbox 2150 601 3727 673; baseline -0.006 -11"><span class='ocrx_word' id='word_1_122' title='bbox 2150 607 2246 662; x_wconf 73' lang='lat' dir='ltr'><strong>ria:</strong></span> <span class='ocrx_word' id='word_1_123' title='bbox 2278 614 2458 661; x_wconf 89' lang='lat' dir='ltr'><strong>castra</strong></span> <span class='ocrx_word' id='word_1_124' title='bbox 2495 613 2732 660; x_wconf 86' lang='lat' dir='ltr'><strong>metatus</strong></span> <span class='ocrx_word' id='word_1_125' title='bbox 2762 610 2866 670; x_wconf 86' lang='lat' dir='ltr'><strong>est,</strong></span> <span class='ocrx_word' id='word_1_126' title='bbox 2897 609 2952 657; x_wconf 90' lang='lat' dir='ltr'><strong>et</strong></span> <span class='ocrx_word' id='word_1_127' title='bbox 2986 610 3175 673; x_wconf 87' lang='lat' dir='ltr'><strong>postea</strong></span> <span class='ocrx_word' id='word_1_128' title='bbox 3215 601 3283 656; x_wconf 89' lang='lat' dir='ltr'><strong>ad</strong></span> <span class='ocrx_word' id='word_1_129' title='bbox 3324 601 3727 671; x_wconf 86' lang='lat' dir='ltr'><strong>subjugandum</strong></span> 
     </span>
    </p>
   </div>
   <div class='ocr_carea' id='block_1_21' title="bbox 2151 692 3732 768">
    <p class='ocr_par' dir='ltr' id='par_1_21' title="bbox 2151 692 3732 768">
     <span class='ocr_line' id='line_1_21' title="bbox 2151 692 3732 768; baseline -0.006 -15"><span class='ocrx_word' id='word_1_130' title='bbox 2151 698 2257 754; x_wconf 89' lang='lat' dir='ltr'><strong>sibi</strong></span> <span class='ocrx_word' id='word_1_131' title='bbox 2282 711 2513 768; x_wconf 80' lang='lat' dir='ltr'><strong>regnum</strong></span> <span class='ocrx_word' id='word_1_132' title='bbox 2539 695 2822 768; x_wconf 88' lang='lat' dir='ltr'><strong>digressus</strong></span> <span class='ocrx_word' id='word_1_133' title='bbox 2851 703 2955 749; x_wconf 88' lang='lat' dir='ltr'><strong>est.</strong></span> <span class='ocrx_word' id='word_1_134' title='bbox 3008 692 3225 749; x_wconf 83' lang='lat' dir='ltr'><strong>Electus</strong></span> <span class='ocrx_word' id='word_1_135' title='bbox 3251 703 3338 748; x_wconf 88' lang='lat' dir='ltr'><strong>est</strong></span> <span class='ocrx_word' id='word_1_136' title='bbox 3385 702 3570 746; x_wconf 86' lang='lat' dir='ltr'><strong>autem</strong></span> <span class='ocrx_word' id='word_1_137' title='bbox 3610 702 3732 745; x_wconf 82' lang='lat' dir='ltr'><strong>ante</strong></span> 
     </span>
    </p>
   </div>
   <div class='ocr_carea' id='block_1_22' title="bbox 2153 784 3733 854">
    <p class='ocr_par' dir='ltr' id='par_1_22' title="bbox 2153 784 3733 854">
     <span class='ocr_line' id='line_1_22' title="bbox 2153 784 3733 854; baseline -0.006 -9"><span class='ocrx_word' id='word_1_138' title='bbox 2153 788 2504 845; x_wconf 82' lang='lat' dir='ltr'><strong>festivitatem</strong></span> <span class='ocrx_word' id='word_1_139' title='bbox 2531 786 2707 843; x_wconf 83' lang='lat' dir='ltr'><strong>sancti</strong></span> <span class='ocrx_word' id='word_1_140' title='bbox 2732 784 3034 853; x_wconf 83' lang='lat' dir='ltr'><strong>Laurentii,</strong></span> <span class='ocrx_word' id='word_1_141' title='bbox 3057 785 3188 840; x_wconf 88' lang='lat' dir='ltr'><strong>etin</strong></span> <span class='ocrx_word' id='word_1_142' title='bbox 3217 784 3472 854; x_wconf 87' lang='lat' dir='ltr'><strong>sequenti</strong></span> <span class='ocrx_word' id='word_1_143' title='bbox 3501 784 3591 838; x_wconf 88' lang='lat' dir='ltr'><strong>die</strong></span> <span class='ocrx_word' id='word_1_144' title='bbox 3612 791 3733 853; x_wconf 72' lang='lat' dir='ltr'><strong>post</strong></span> 
     </span>
    </p>
   </div>
   <div class='ocr_carea' id='block_1_23' title="bbox 2154 872 3733 950">
    <p class='ocr_par' dir='ltr' id='par_1_23' title="bbox 2154 872 3733 950">
     <span class='ocr_line' id='line_1_23' title="bbox 2154 872 3733 950; baseline -0.008 -12"><span class='ocrx_word' id='word_1_145' title='bbox 2154 881 2506 939; x_wconf 78' lang='lat' dir='ltr'><strong>festivitatem</strong></span> <span class='ocrx_word' id='word_1_146' title='bbox 2529 879 2775 950; x_wconf 78' lang='lat' dir='ltr'><strong>ejusdem</strong></span> <span class='ocrx_word' id='word_1_147' title='bbox 2798 878 2996 945; x_wconf 91' lang='lat' dir='ltr'><strong>sancti,</strong></span> <span class='ocrx_word' id='word_1_148' title='bbox 3016 877 3082 933; x_wconf 91' lang='lat' dir='ltr'><strong>de</strong></span> <span class='ocrx_word' id='word_1_149' title='bbox 3109 872 3348 931; x_wconf 87' lang='lat' dir='ltr'><strong>inimicis</strong></span> <span class='ocrx_word' id='word_1_150' title='bbox 3376 874 3733 945; x_wconf 69' lang='lat' dir='ltr'><strong>triumphavit</strong></span> 
     </span>
    </p>
   </div>
   <div class='ocr_carea' id='block_1_24' title="bbox 2156 965 3730 1042">
    <p class='ocr_par' dir='ltr' id='par_1_24' title="bbox 2156 965 3730 1042">
     <span class='ocr_line' id='line_1_24' title="bbox 2156 965 3730 1042; baseline -0.006 -13"><span class='ocrx_word' id='word_1_151' title='bbox 2156 975 2209 1029; x_wconf 91' lang='lat' dir='ltr'><strong>in</strong></span> <span class='ocrx_word' id='word_1_152' title='bbox 2266 972 2509 1030; x_wconf 79' lang='lat' dir='ltr'><strong>confinio</strong></span> <span class='ocrx_word' id='word_1_153' title='bbox 2555 970 2837 1042; x_wconf 67' lang='lat' dir='ltr'><strong>Bajoarite,</strong></span> <span class='ocrx_word' id='word_1_154' title='bbox 2882 969 2936 1024; x_wconf 91' lang='lat' dir='ltr'><strong>in</strong></span> <span class='ocrx_word' id='word_1_155' title='bbox 2988 970 3109 1025; x_wconf 91' lang='lat' dir='ltr'><strong>loco</strong></span> <span class='ocrx_word' id='word_1_156' title='bbox 3150 969 3242 1039; x_wconf 88' lang='lat' dir='ltr'><strong>qui</strong></span> <span class='ocrx_word' id='word_1_157' title='bbox 3288 968 3494 1023; x_wconf 90' lang='lat' dir='ltr'><strong>dicitur</strong></span> <span class='ocrx_word' id='word_1_158' title='bbox 3536 965 3730 1021; x_wconf 29' lang='lat' dir='ltr'><strong>l’Ioste-</strong></span> 
     </span>
    </p>
   </div>
   <div class='ocr_carea' id='block_1_25' title="bbox 2157 1059 3733 1137">
    <p class='ocr_par' dir='ltr' id='par_1_25' title="bbox 2157 1059 3733 1137">
     <span class='ocr_line' id='line_1_25' title="bbox 2157 1059 3733 1137; baseline -0.004 -16"><span class='ocrx_word' id='word_1_159' title='bbox 2157 1075 2208 1121; x_wconf 90' lang='lat' dir='ltr'><strong>te</strong></span> <span class='ocrx_word' id='word_1_160' title='bbox 2235 1064 2439 1137; x_wconf 81' lang='lat' dir='ltr'><strong>(I5I8).</strong></span> <span class='ocrx_word' id='word_1_161' title='bbox 2490 1064 2688 1121; x_wconf 87' lang='lat' dir='ltr'><strong>Postea</strong></span> <span class='ocrx_word' id='word_1_162' title='bbox 2732 1064 2788 1118; x_wconf 92' lang='lat' dir='ltr'><strong>in</strong></span> <span class='ocrx_word' id='word_1_163' title='bbox 2829 1063 3121 1118; x_wconf 83' lang='lat' dir='ltr'><strong>Saxoniam</strong></span> <span class='ocrx_word' id='word_1_164' title='bbox 3168 1061 3579 1119; x_wconf 87' lang='lat' dir='ltr'><strong>consecrandus</strong></span> <span class='ocrx_word' id='word_1_165' title='bbox 3624 1059 3733 1115; x_wconf 84' lang='lat' dir='ltr'><strong>dis-</strong></span> 
     </span>
    </p>
   </div>
   <div class='ocr_carea' id='block_1_26' title="bbox 2155 1157 2337 1214">
    <p class='ocr_par' dir='ltr' id='par_1_26' title="bbox 2155 1157 2337 1214">
     <span class='ocr_line' id='line_1_26' title="bbox 2155 1157 2337 1214; baseline -0.016 0"><span class='ocrx_word' id='word_1_166' title='bbox 2155 1157 2337 1214; x_wconf 90' lang='lat' dir='ltr'><strong>cessit.</strong></span> 
     </span>
    </p>
   </div>
   <div class='ocr_carea' id='block_1_27' title="bbox 2772 1243 3084 1300">
    <p class='ocr_par' dir='ltr' id='par_1_27' title="bbox 2772 1243 3084 1300">
     <span class='ocr_line' id='line_1_27' title="bbox 2772 1243 3084 1300; baseline -0.006 0"><span class='ocrx_word' id='word_1_167' title='bbox 2772 1243 3084 1300; x_wconf 75' lang='lat' dir='ltr'><strong>MLXXXII.</strong></span> 
     </span>
    </p>
   </div>
   <div class='ocr_carea' id='block_1_28' title="bbox 2230 1334 3737 1405">
    <p class='ocr_par' dir='ltr' id='par_1_28' title="bbox 2230 1334 3737 1405">
     <span class='ocr_line' id='line_1_28' title="bbox 2230 1334 3737 1405; baseline -0.003 -12"><span class='ocrx_word' id='word_1_168' title='bbox 2230 1338 2607 1395; x_wconf 85' lang='lat' dir='ltr'><strong>lleremannus</strong></span> <span class='ocrx_word' id='word_1_169' title='bbox 2650 1352 2743 1393; x_wconf 85' lang='lat' dir='ltr'><strong>rex</strong></span> <span class='ocrx_word' id='word_1_170' title='bbox 2800 1337 3035 1392; x_wconf 89' lang='lat' dir='ltr'><strong>natalem</strong></span> <span class='ocrx_word' id='word_1_171' title='bbox 3078 1335 3291 1390; x_wconf 87' lang='lat' dir='ltr'><strong>Domini</strong></span> <span class='ocrx_word' id='word_1_172' title='bbox 3346 1334 3737 1405; x_wconf 80' lang='lat' dir='ltr'><strong>gloriosissime</strong></span> 
     </span>
    </p>
   </div>
   <div class='ocr_carea' id='block_1_29' title="bbox 2159 1425 3735 1495">
    <p class='ocr_par' dir='ltr' id='par_1_29' title="bbox 2159 1425 3735 1495">
     <span class='ocr_line' id='line_1_29' title="bbox 2159 1425 3735 1495; baseline -0.006 -8"><span class='ocrx_word' id='word_1_173' title='bbox 2159 1431 2453 1487; x_wconf 89' lang='lat' dir='ltr'><strong>celebravit</strong></span> <span class='ocrx_word' id='word_1_174' title='bbox 2493 1429 2775 1495; x_wconf 83' lang='lat' dir='ltr'><strong>Goslaric;</strong></span> <span class='ocrx_word' id='word_1_175' title='bbox 2825 1428 2899 1483; x_wconf 89' lang='lat' dir='ltr'><strong>ibi</strong></span> <span class='ocrx_word' id='word_1_176' title='bbox 2932 1427 3098 1483; x_wconf 88' lang='lat' dir='ltr'><strong>etiam</strong></span> <span class='ocrx_word' id='word_1_177' title='bbox 3132 1426 3186 1481; x_wconf 89' lang='lat' dir='ltr'><strong>in</strong></span> <span class='ocrx_word' id='word_1_178' title='bbox 3241 1425 3539 1481; x_wconf 75' lang='lat' dir='ltr'><strong>festivitate</strong></span> <span class='ocrx_word' id='word_1_179' title='bbox 3568 1426 3735 1480; x_wconf 86' lang='lat' dir='ltr'><strong>sancti</strong></span> 
     </span>
    </p>
   </div>
   <div class='ocr_carea' id='block_1_30' title="bbox 2163 1515 3739 1594">
    <p class='ocr_par' dir='ltr' id='par_1_30' title="bbox 2163 1515 3739 1594">
     <span class='ocr_line' id='line_1_30' title="bbox 2163 1515 3739 1594; baseline -0.004 -18"><span class='ocrx_word' id='word_1_180' title='bbox 2163 1521 2448 1594; x_wconf 85' lang='lat' dir='ltr'><strong>Stephani,</strong></span> <span class='ocrx_word' id='word_1_181' title='bbox 2470 1535 2536 1576; x_wconf 91' lang='lat' dir='ltr'><strong>eo</strong></span> <span class='ocrx_word' id='word_1_182' title='bbox 2557 1520 2703 1591; x_wconf 89' lang='lat' dir='ltr'><strong>quod</strong></span> <span class='ocrx_word' id='word_1_183' title='bbox 2728 1528 2993 1590; x_wconf 88' lang='lat' dir='ltr'><strong>patronus</strong></span> <span class='ocrx_word' id='word_1_184' title='bbox 3015 1517 3135 1588; x_wconf 84' lang='lat' dir='ltr'><strong>ejus</strong></span> <span class='ocrx_word' id='word_1_185' title='bbox 3165 1515 3348 1581; x_wconf 86' lang='lat' dir='ltr'><strong>fuerit,</strong></span> <span class='ocrx_word' id='word_1_186' title='bbox 3388 1517 3555 1587; x_wconf 66' lang='lat' dir='ltr'><strong>regia:</strong></span> <span class='ocrx_word' id='word_1_187' title='bbox 3573 1516 3739 1586; x_wconf 82' lang='lat' dir='ltr'><strong>digni-</strong></span> 
     </span>
    </p>
   </div>
   <div class='ocr_carea' id='block_1_31' title="bbox 2162 1607 3737 1680">
    <p class='ocr_par' dir='ltr' id='par_1_31' title="bbox 2162 1607 3737 1680">
     <span class='ocr_line' id='line_1_31' title="bbox 2162 1607 3737 1680; baseline -0.005 -12"><span class='ocrx_word' id='word_1_188' title='bbox 2162 1614 2292 1669; x_wconf 88' lang='lat' dir='ltr'><strong>tatis</strong></span> <span class='ocrx_word' id='word_1_189' title='bbox 2318 1613 2633 1668; x_wconf 90' lang='lat' dir='ltr'><strong>unctionem</strong></span> <span class='ocrx_word' id='word_1_190' title='bbox 2659 1619 2715 1667; x_wconf 92' lang='lat' dir='ltr'><strong>et</strong></span> <span class='ocrx_word' id='word_1_191' title='bbox 2742 1608 3372 1680; x_wconf 87' lang='lat' dir='ltr'><strong>coronam,principibus</strong></span> <span class='ocrx_word' id='word_1_192' title='bbox 3402 1607 3560 1678; x_wconf 83' lang='lat' dir='ltr'><strong>regni</strong></span> <span class='ocrx_word' id='word_1_193' title='bbox 3584 1607 3737 1661; x_wconf 88' lang='lat' dir='ltr'><strong>anni-</strong></span> 
     </span>
    </p>
   </div>
   <div class='ocr_carea' id='block_1_32' title="bbox 474 1697 3742 1774">
    <p class='ocr_par' dir='ltr' id='par_1_32' title="bbox 474 1697 3742 1774">
     <span class='ocr_line' id='line_1_32' title="bbox 474 1697 3742 1774; baseline -0 -20"><span class='ocrx_word' id='word_1_194' title='bbox 474 1699 743 1770; x_wconf 88' lang='lat' dir='ltr'><strong>migrasse</strong></span> <span class='ocrx_word' id='word_1_195' title='bbox 778 1716 887 1755; x_wconf 92' lang='lat' dir='ltr'><strong>non</strong></span> <span class='ocrx_word' id='word_1_196' title='bbox 929 1699 1208 1755; x_wconf 89' lang='lat' dir='ltr'><strong>dubitatur</strong></span> <span class='ocrx_word' id='word_1_197' title='bbox 1249 1699 1432 1756; x_wconf 90' lang='lat' dir='ltr'><strong>Idibus</strong></span> <span class='ocrx_word' id='word_1_198' title='bbox 1475 1698 1746 1755; x_wconf 83' lang='lat' dir='ltr'><strong>Octobris.</strong></span> <span class='ocrx_word' id='word_1_199' title='bbox 1798 1697 2063 1770; x_wconf 78' lang='lat' dir='ltr'><strong>Regnavit</strong></span> <span class='ocrx_word' id='word_1_200' title='bbox 2164 1704 2425 1773; x_wconf 69' lang='lat' dir='ltr'><strong>rentibus,</strong></span> <span class='ocrx_word' id='word_1_201' title='bbox 2455 1705 2526 1759; x_wconf 87' lang='lat' dir='ltr'><strong>ab</strong></span> <span class='ocrx_word' id='word_1_202' title='bbox 2545 1702 2815 1774; x_wconf 89' lang='lat' dir='ltr'><strong>episcopis</strong></span> <span class='ocrx_word' id='word_1_203' title='bbox 2845 1700 3180 1757; x_wconf 87' lang='lat' dir='ltr'><strong>sollemniter</strong></span> <span class='ocrx_word' id='word_1_204' title='bbox 3199 1701 3426 1770; x_wconf 86' lang='lat' dir='ltr'><strong>accepit.</strong></span> <span class='ocrx_word' id='word_1_205' title='bbox 3457 1698 3742 1755; x_wconf 83' lang='lat' dir='ltr'><strong>Heinricus</strong></span> 
     </span>
    </p>
   </div>
   <div class='ocr_carea' id='block_1_33' title="bbox 474 1783 3739 1864">
    <p class='ocr_par' dir='ltr' id='par_1_33' title="bbox 474 1783 3739 1864">
     <span class='ocr_line' id='line_1_33' title="bbox 474 1783 3739 1864; baseline 0 -19"><span class='ocrx_word' id='word_1_206' title='bbox 474 1800 658 1846; x_wconf 91' lang='lat' dir='ltr'><strong>autem</strong></span> <span class='ocrx_word' id='word_1_207' title='bbox 685 1800 797 1846; x_wconf 92' lang='lat' dir='ltr'><strong>tres</strong></span> <span class='ocrx_word' id='word_1_208' title='bbox 823 1807 998 1847; x_wconf 91' lang='lat' dir='ltr'><strong>annos</strong></span> <span class='ocrx_word' id='word_1_209' title='bbox 1015 1802 1068 1847; x_wconf 89' lang='lat' dir='ltr'><strong>et</strong></span> <span class='ocrx_word' id='word_1_210' title='bbox 1092 1792 1398 1847; x_wconf 87' lang='lat' dir='ltr'><strong>dimidium.</strong></span> <span class='ocrx_word' id='word_1_211' title='bbox 1426 1791 1500 1847; x_wconf 87' lang='lat' dir='ltr'><strong>De.</strong></span> <span class='ocrx_word' id='word_1_212' title='bbox 1519 1792 1679 1862; x_wconf 90' lang='lat' dir='ltr'><strong>cujus</strong></span> <span class='ocrx_word' id='word_1_213' title='bbox 1701 1792 1851 1847; x_wconf 90' lang='lat' dir='ltr'><strong>obitu</strong></span> <span class='ocrx_word' id='word_1_214' title='bbox 1873 1805 2066 1845; x_wconf 91' lang='lat' dir='ltr'><strong>omnes</strong></span> <span class='ocrx_word' id='word_1_215' title='bbox 2098 1783 2141 1839; x_wconf 83' lang='grc' dir='ltr'><strong>Β</strong></span> <span class='ocrx_word' id='word_1_216' title='bbox 2167 1809 2349 1854; x_wconf 70' lang='lat' dir='ltr'><strong>autem</strong></span> <span class='ocrx_word' id='word_1_217' title='bbox 2390 1798 2446 1853; x_wconf 82' lang='lat' dir='ltr'><strong>in</strong></span> <span class='ocrx_word' id='word_1_218' title='bbox 2493 1796 2665 1863; x_wconf 79' lang='lat' dir='ltr'><strong>Italia,</strong></span> <span class='ocrx_word' id='word_1_219' title='bbox 2702 1803 2986 1864; x_wconf 86' lang='lat' dir='ltr'><strong>assumpto</strong></span> <span class='ocrx_word' id='word_1_220' title='bbox 3036 1800 3283 1864; x_wconf 88' lang='lat' dir='ltr'><strong>apostata</strong></span> <span class='ocrx_word' id='word_1_221' title='bbox 3322 1807 3426 1847; x_wconf 90' lang='lat' dir='ltr'><strong>suo</strong></span> <span class='ocrx_word' id='word_1_222' title='bbox 3463 1790 3739 1856; x_wconf 84' lang='lat' dir='ltr'><strong>Guiberto,</strong></span> 
     </span>
    </p>
   </div>
   <div class='ocr_carea' id='block_1_34' title="bbox 474 1882 2063 1955">
    <p class='ocr_par' dir='ltr' id='par_1_34' title="bbox 474 1882 2063 1955">
     <span class='ocr_line' id='line_1_34' title="bbox 474 1882 2063 1955; baseline 0.001 -18"><span class='ocrx_word' id='word_1_223' title='bbox 474 1882 718 1953; x_wconf 81' lang='lat' dir='ltr'><strong>religiosi</strong></span> <span class='ocrx_word' id='word_1_224' title='bbox 752 1884 1040 1955; x_wconf 88' lang='lat' dir='ltr'><strong>utriusque</strong></span> <span class='ocrx_word' id='word_1_225' title='bbox 1075 1899 1261 1950; x_wconf 81' lang='lat' dir='ltr'><strong>sexus,</strong></span> <span class='ocrx_word' id='word_1_226' title='bbox 1289 1895 1342 1939; x_wconf 92' lang='lat' dir='ltr'><strong>et</strong></span> <span class='ocrx_word' id='word_1_227' title='bbox 1374 1884 1609 1940; x_wconf 78' lang='lat' dir='ltr'><strong>maxime</strong></span> <span class='ocrx_word' id='word_1_228' title='bbox 1642 1898 1929 1955; x_wconf 87' lang='lat' dir='ltr'><strong>pauperes,</strong></span> <span class='ocrx_word' id='word_1_229' title='bbox 1960 1882 2063 1938; x_wconf 91' lang='lat' dir='ltr'><strong>do-</strong></span> 
     </span>
    </p>
   </div>
   <div class='ocr_carea' id='block_1_35' title="bbox 474 1972 2065 2045">
    <p class='ocr_par' dir='ltr' id='par_1_35' title="bbox 474 1972 2065 2045">
     <span class='ocr_line' id='line_1_35' title="bbox 474 1972 2065 2045; baseline 0.001 -19"><span class='ocrx_word' id='word_1_230' title='bbox 474 1973 716 2029; x_wconf 89' lang='lat' dir='ltr'><strong>luerunt.</strong></span> <span class='ocrx_word' id='word_1_231' title='bbox 745 1972 804 2029; x_wconf 91' lang='lat' dir='ltr'><strong>In</strong></span> <span class='ocrx_word' id='word_1_232' title='bbox 832 1974 991 2045; x_wconf 91' lang='lat' dir='ltr'><strong>cujus</strong></span> <span class='ocrx_word' id='word_1_233' title='bbox 1013 1976 1209 2031; x_wconf 71' lang='lat' dir='ltr'><strong>animae</strong></span> <span class='ocrx_word' id='word_1_234' title='bbox 1240 1975 1308 2008; x_wconf 76' lang='grc'><strong>³⁸⁹</strong></span> <span class='ocrx_word' id='word_1_235' title='bbox 1341 1975 1868 2031; x_wconf 86' lang='lat' dir='ltr'><strong>commendationem</strong></span> <span class='ocrx_word' id='word_1_236' title='bbox 1893 1973 2065 2029; x_wconf 84' lang='lat' dir='ltr'><strong>Saxo-</strong></span> 
     </span>
    </p>
   </div>
   <div class='ocr_carea' id='block_1_36' title="bbox 476 2065 2065 2124">
    <p class='ocr_par' dir='ltr' id='par_1_36' title="bbox 476 2065 2065 2124">
     <span class='ocr_line' id='line_1_36' title="bbox 476 2065 2065 2124; baseline 0.001 -5"><span class='ocrx_word' id='word_1_237' title='bbox 476 2081 577 2121; x_wconf 89' lang='lat' dir='ltr'><strong>nes</strong></span> <span class='ocrx_word' id='word_1_238' title='bbox 618 2066 1042 2122; x_wconf 90' lang='lat' dir='ltr'><strong>innnmerabiles</strong></span> <span class='ocrx_word' id='word_1_239' title='bbox 1083 2068 1398 2124; x_wconf 90' lang='lat' dir='ltr'><strong>elimosinas</strong></span> <span class='ocrx_word' id='word_1_240' title='bbox 1435 2067 1700 2122; x_wconf 84' lang='lat' dir='ltr'><strong>fecerunt.</strong></span> <span class='ocrx_word' id='word_1_241' title='bbox 1742 2065 1875 2120; x_wconf 87' lang='lat' dir='ltr'><strong>Erat</strong></span> <span class='ocrx_word' id='word_1_242' title='bbox 1918 2066 2065 2121; x_wconf 91' lang='lat' dir='ltr'><strong>enim</strong></span> 
     </span>
    </p>
   </div>
   <div class='ocr_carea' id='block_1_37' title="bbox 478 2148 2066 2231">
    <p class='ocr_par' dir='ltr' id='par_1_37' title="bbox 478 2148 2066 2231">
     <span class='ocr_line' id='line_1_37' title="bbox 478 2148 2066 2231; baseline 0.003 -21"><span class='ocrx_word' id='word_1_243' title='bbox 478 2158 672 2227; x_wconf 85' lang='lat' dir='ltr'><strong>procul</strong></span> <span class='ocrx_word' id='word_1_244' title='bbox 699 2159 865 2214; x_wconf 90' lang='lat' dir='ltr'><strong>dubio</strong></span> <span class='ocrx_word' id='word_1_245' title='bbox 893 2168 1048 2230; x_wconf 91' lang='lat' dir='ltr'><strong>pater</strong></span> <span class='ocrx_word' id='word_1_246' title='bbox 1082 2160 1290 2231; x_wconf 80' lang='lat' dir='ltr'><strong>patriae,</strong></span> <span class='ocrx_word' id='word_1_247' title='bbox 1323 2148 1768 2216; x_wconf 81' lang='lat' dir='ltr'><strong>servantissimus</strong></span> <span class='ocrx_word' id='word_1_248' title='bbox 1811 2159 2066 2230; x_wconf 69' lang='lat' dir='ltr'><strong>justicite,</strong></span> 
     </span>
    </p>
   </div>
   <div class='ocr_carea' id='block_1_38' title="bbox 479 2248 2070 2323">
    <p class='ocr_par' dir='ltr' id='par_1_38' title="bbox 479 2248 2070 2323">
     <span class='ocr_line' id='line_1_38' title="bbox 479 2248 2070 2323; baseline 0.003 -20"><span class='ocrx_word' id='word_1_249' title='bbox 479 2248 788 2306; x_wconf 86' lang='lat' dir='ltr'><strong>indefessus</strong></span> <span class='ocrx_word' id='word_1_250' title='bbox 831 2261 1204 2323; x_wconf 89' lang='lat' dir='ltr'><strong>pr0pugnator</strong></span> <span class='ocrx_word' id='word_1_251' title='bbox 1252 2262 1454 2309; x_wconf 58' lang='lat' dir='ltr'><strong>saneta</strong></span> <span class='ocrx_word' id='word_1_252' title='bbox 1501 2252 1747 2308; x_wconf 63' lang='lat' dir='ltr'><strong>azclesiae.</strong></span> <span class='ocrx_word' id='word_1_253' title='bbox 1812 2249 2070 2322; x_wconf 88' lang='lat' dir='ltr'><strong>Sepultus</strong></span> 
     </span>
    </p>
   </div>
   <div class='ocr_carea' id='block_1_39' title="bbox 482 2342 2071 2413">
    <p class='ocr_par' dir='ltr' id='par_1_39' title="bbox 482 2342 2071 2413">
     <span class='ocr_line' id='line_1_39' title="bbox 482 2342 2071 2413; baseline 0.002 -18"><span class='ocrx_word' id='word_1_254' title='bbox 482 2348 567 2395; x_wconf 85' lang='lat' dir='ltr'><strong>est</strong></span> <span class='ocrx_word' id='word_1_255' title='bbox 593 2350 774 2395; x_wconf 87' lang='lat' dir='ltr'><strong>autem</strong></span> <span class='ocrx_word' id='word_1_256' title='bbox 807 2344 953 2413; x_wconf 90' lang='lat' dir='ltr'><strong>apud</strong></span> <span class='ocrx_word' id='word_1_257' title='bbox 973 2342 1289 2399; x_wconf 83' lang='lat' dir='ltr'><strong>Merseburc</strong></span> <span class='ocrx_word' id='word_1_258' title='bbox 1312 2343 1730 2413; x_wconf 76' lang='lat' dir='ltr'><strong>gloriosissime.</strong></span> <span class='ocrx_word' id='word_1_259' title='bbox 1757 2343 1960 2399; x_wconf 86' lang='lat' dir='ltr'><strong>Eodem</strong></span> <span class='ocrx_word' id='word_1_260' title='bbox 1984 2344 2071 2399; x_wconf 89' lang='lat' dir='ltr'><strong>die</strong></span> 
     </span>
    </p>
   </div>
   <div class='ocr_carea' id='block_1_40' title="bbox 484 2432 2073 2508">
    <p class='ocr_par' dir='ltr' id='par_1_40' title="bbox 484 2432 2073 2508">
     <span class='ocr_line' id='line_1_40' title="bbox 484 2432 2073 2508; baseline 0.004 -21"><span class='ocrx_word' id='word_1_261' title='bbox 484 2432 823 2489; x_wconf 88' lang='lat' dir='ltr'><strong>decessionis</strong></span> <span class='ocrx_word' id='word_1_262' title='bbox 860 2435 980 2504; x_wconf 89' lang='lat' dir='ltr'><strong>ejus</strong></span> <span class='ocrx_word' id='word_1_263' title='bbox 1026 2435 1079 2489; x_wconf 92' lang='lat' dir='ltr'><strong>in</strong></span> <span class='ocrx_word' id='word_1_264' title='bbox 1110 2434 1490 2506; x_wconf 82' lang='lat' dir='ltr'><strong>Longobardia</strong></span> <span class='ocrx_word' id='word_1_265' title='bbox 1534 2437 1734 2493; x_wconf 89' lang='lat' dir='ltr'><strong>milites</strong></span> <span class='ocrx_word' id='word_1_266' title='bbox 1763 2437 2073 2508; x_wconf 76' lang='lat' dir='ltr'><strong>prudentis-</strong></span> 
     </span>
    </p>
   </div>
   <div class='ocr_carea' id='block_1_41' title="bbox 488 2524 2074 2599">
    <p class='ocr_par' dir='ltr' id='par_1_41' title="bbox 488 2524 2074 2599">
     <span class='ocr_line' id='line_1_41' title="bbox 488 2524 2074 2599; baseline 0.004 -21"><span class='ocrx_word' id='word_1_267' title='bbox 488 2524 643 2579; x_wconf 69' lang='lat' dir='ltr'><strong>sima:</strong></span> <span class='ocrx_word' id='word_1_268' title='bbox 673 2526 741 2557; x_wconf 85' lang='grc'><strong>³⁷⁰</strong></span> <span class='ocrx_word' id='word_1_269' title='bbox 770 2526 928 2582; x_wconf 89' lang='lat' dir='ltr'><strong>ducis</strong></span> <span class='ocrx_word' id='word_1_270' title='bbox 970 2526 1244 2582; x_wconf 65' lang='lat' dir='ltr'><strong>Mathilda:</strong></span> <span class='ocrx_word' id='word_1_271' title='bbox 1278 2526 1534 2597; x_wconf 79' lang='lat' dir='ltr'><strong>fugantur</strong></span> <span class='ocrx_word' id='word_1_272' title='bbox 1555 2529 1624 2584; x_wconf 87' lang='lat' dir='ltr'><strong>ab</strong></span> <span class='ocrx_word' id='word_1_273' title='bbox 1662 2529 1904 2584; x_wconf 82' lang='lat' dir='ltr'><strong>exercitu</strong></span> <span class='ocrx_word' id='word_1_274' title='bbox 1938 2544 2074 2599; x_wconf 89' lang='lat' dir='ltr'><strong>pene</strong></span> 
     </span>
    </p>
   </div>
   <div class='ocr_carea' id='block_1_42' title="bbox 485 2615 2070 2691">
    <p class='ocr_par' dir='ltr' id='par_1_42' title="bbox 485 2615 2070 2691">
     <span class='ocr_line' id='line_1_42' title="bbox 485 2615 2070 2691; baseline 0.003 -20"><span class='ocrx_word' id='word_1_275' title='bbox 485 2617 659 2673; x_wconf 86' lang='lat' dir='ltr'><strong>totius</strong></span> <span class='ocrx_word' id='word_1_276' title='bbox 689 2615 1103 2688; x_wconf 70' lang='lat' dir='ltr'><strong>Lmigobardiac,</strong></span> <span class='ocrx_word' id='word_1_277' title='bbox 1143 2620 1285 2688; x_wconf 89' lang='lat' dir='ltr'><strong>apud</strong></span> <span class='ocrx_word' id='word_1_278' title='bbox 1322 2618 1535 2675; x_wconf 84' lang='lat' dir='ltr'><strong>Vultam</strong></span> <span class='ocrx_word' id='word_1_279' title='bbox 1578 2634 1747 2691; x_wconf 82' lang='lat' dir='ltr'><strong>prope</strong></span> <span class='ocrx_word' id='word_1_280' title='bbox 1772 2619 2070 2675; x_wconf 79' lang='lat' dir='ltr'><strong>Mantuam.</strong></span> 
     </span>
    </p>
   </div>
   <div class='ocr_carea' id='block_1_43' title="bbox 486 2707 2077 2783">
    <p class='ocr_par' dir='ltr' id='par_1_43' title="bbox 486 2707 2077 2783">
     <span class='ocr_line' id='line_1_43' title="bbox 486 2707 2077 2783; baseline 0.004 -20"><span class='ocrx_word' id='word_1_281' title='bbox 486 2707 615 2779; x_wconf 89' lang='lat' dir='ltr'><strong>Ipsa</strong></span> <span class='ocrx_word' id='word_1_282' title='bbox 641 2708 708 2740; x_wconf 83' lang='grc'>⁸⁷¹</span> <span class='ocrx_word' id='word_1_283' title='bbox 742 2724 963 2781; x_wconf 91' lang='lat' dir='ltr'><strong>quoque</strong></span> <span class='ocrx_word' id='word_1_284' title='bbox 1007 2710 1096 2766; x_wconf 91' lang='lat' dir='ltr'><strong>die</strong></span> <span class='ocrx_word' id='word_1_285' title='bbox 1120 2709 1444 2767; x_wconf 85' lang='lat' dir='ltr'><strong>Gisilbertus</strong></span> <span class='ocrx_word' id='word_1_286' title='bbox 1481 2712 1927 2782; x_wconf 86' lang='lat' dir='ltr'><strong>religiosissimus</strong></span> <span class='ocrx_word' id='word_1_287' title='bbox 1956 2728 2077 2783; x_wconf 87' lang='lat' dir='ltr'><strong>prc-</strong></span> 
     </span>
    </p>
   </div>
   <div class='ocr_carea' id='block_1_44' title="bbox 496 2800 2075 2876">
    <p class='ocr_par' dir='ltr' id='par_1_44' title="bbox 496 2800 2075 2876">
     <span class='ocr_line' id='line_1_44' title="bbox 496 2800 2075 2876; baseline 0.002 -20"><span class='ocrx_word' id='word_1_288' title='bbox 496 2800 666 2856; x_wconf 86' lang='lat' dir='ltr'><strong>sbiter</strong></span> <span class='ocrx_word' id='word_1_289' title='bbox 687 2811 741 2856; x_wconf 91' lang='lat' dir='ltr'><strong>et</strong></span> <span class='ocrx_word' id='word_1_290' title='bbox 763 2802 1071 2858; x_wconf 87' lang='lat' dir='ltr'><strong>monachus</strong></span> <span class='ocrx_word' id='word_1_291' title='bbox 1098 2802 1417 2858; x_wconf 72' lang='lat' dir='ltr'><strong>etlloudolli</strong></span> <span class='ocrx_word' id='word_1_292' title='bbox 1444 2804 1589 2873; x_wconf 88' lang='lat' dir='ltr'><strong>regis</strong></span> <span class='ocrx_word' id='word_1_293' title='bbox 1613 2804 1679 2859; x_wconf 88' lang='lat' dir='ltr'><strong>ad</strong></span> <span class='ocrx_word' id='word_1_294' title='bbox 1705 2820 1899 2875; x_wconf 89' lang='lat' dir='ltr'><strong>papam</strong></span> <span class='ocrx_word' id='word_1_295' title='bbox 1926 2805 2075 2876; x_wconf 86' lang='lat' dir='ltr'><strong>lega-</strong></span> 
     </span>
    </p>
   </div>
   <div class='ocr_carea' id='block_1_45' title="bbox 490 2890 2079 2965">
    <p class='ocr_par' dir='ltr' id='par_1_45' title="bbox 490 2890 2079 2965">
     <span class='ocr_line' id='line_1_45' title="bbox 490 2890 2079 2965; baseline 0.004 -21"><span class='ocrx_word' id='word_1_296' title='bbox 490 2899 604 2957; x_wconf 85' lang='lat' dir='ltr'><strong>tus,</strong></span> <span class='ocrx_word' id='word_1_297' title='bbox 628 2890 1022 2963; x_wconf 63' lang='lat' dir='ltr'><strong>Longobardiar</strong></span> <span class='ocrx_word' id='word_1_298' title='bbox 1052 2894 1319 2964; x_wconf 83' lang='lat' dir='ltr'><strong>requievit</strong></span> <span class='ocrx_word' id='word_1_299' title='bbox 1358 2894 1412 2949; x_wconf 93' lang='lat' dir='ltr'><strong>in</strong></span> <span class='ocrx_word' id='word_1_300' title='bbox 1439 2909 1589 2965; x_wconf 87' lang='lat' dir='ltr'><strong>pace.</strong></span> <span class='ocrx_word' id='word_1_301' title='bbox 1618 2894 1714 2950; x_wconf 84' lang='lat' dir='ltr'><strong>llis</strong></span> <span class='ocrx_word' id='word_1_302' title='bbox 1741 2897 2079 2965; x_wconf 91' lang='lat' dir='ltr'><strong>temporibus</strong></span> 
     </span>
    </p>
   </div>
   <div class='ocr_carea' id='block_1_46' title="bbox 492 2979 2081 3053">
    <p class='ocr_par' dir='ltr' id='par_1_46' title="bbox 492 2979 2081 3053">
     <span class='ocr_line' id='line_1_46' title="bbox 492 2979 2081 3053; baseline 0.005 -18"><span class='ocrx_word' id='word_1_303' title='bbox 492 2979 783 3039; x_wconf 89' lang='lat' dir='ltr'><strong>Ileinricus</strong></span> <span class='ocrx_word' id='word_1_304' title='bbox 810 2993 978 3039; x_wconf 91' lang='lat' dir='ltr'><strong>totam</strong></span> <span class='ocrx_word' id='word_1_305' title='bbox 1012 2983 1219 3041; x_wconf 79' lang='lat' dir='ltr'><strong>Italiam</strong></span> <span class='ocrx_word' id='word_1_306' title='bbox 1248 2987 1385 3041; x_wconf 85' lang='lat' dir='ltr'><strong>adeo</strong></span> <span class='ocrx_word' id='word_1_307' title='bbox 1414 2986 1782 3053; x_wconf 85' lang='lat' dir='ltr'><strong>conturbavit,</strong></span> <span class='ocrx_word' id='word_1_308' title='bbox 1813 2996 1871 3042; x_wconf 92' lang='lat' dir='ltr'><strong>ut</strong></span> <span class='ocrx_word' id='word_1_309' title='bbox 1899 2988 2081 3044; x_wconf 89' lang='lat' dir='ltr'><strong>nullus</strong></span> 
     </span>
    </p>
   </div>
   <div class='ocr_carea' id='block_1_47' title="bbox 424 3075 2078 3150">
    <p class='ocr_par' dir='ltr' id='par_1_47' title="bbox 424 3075 2078 3150">
     <span class='ocr_line' id='line_1_47' title="bbox 424 3075 2078 3150; baseline 0.004 -23"><span class='ocrx_word' id='word_1_310' title='bbox 424 3122 427 3127; x_wconf 94' lang='lat'><strong>.</strong></span> <span class='ocrx_word' id='word_1_311' title='bbox 494 3088 687 3129; x_wconf 89' lang='lat' dir='ltr'><strong>secure</strong></span> <span class='ocrx_word' id='word_1_312' title='bbox 740 3075 809 3130; x_wconf 90' lang='lat' dir='ltr'><strong>ad</strong></span> <span class='ocrx_word' id='word_1_313' title='bbox 838 3075 1026 3131; x_wconf 89' lang='lat' dir='ltr'><strong>limina</strong></span> <span class='ocrx_word' id='word_1_314' title='bbox 1057 3078 1428 3147; x_wconf 88' lang='lat' dir='ltr'><strong>apostolorum</strong></span> <span class='ocrx_word' id='word_1_315' title='bbox 1475 3089 1660 3148; x_wconf 89' lang='lat' dir='ltr'><strong>posset</strong></span> <span class='ocrx_word' id='word_1_316' title='bbox 1702 3079 1800 3146; x_wconf 89' lang='lat' dir='ltr'><strong>ire,</strong></span> <span class='ocrx_word' id='word_1_317' title='bbox 1836 3080 1930 3150; x_wconf 91' lang='lat' dir='ltr'><strong>qui</strong></span> <span class='ocrx_word' id='word_1_318' title='bbox 1970 3096 2078 3135; x_wconf 85' lang='lat' dir='ltr'><strong>non</strong></span> 
     </span>
    </p>
   </div>
   <div class='ocr_carea' id='block_1_48' title="bbox 495 3165 2083 3243">
    <p class='ocr_par' dir='ltr' id='par_1_48' title="bbox 495 3165 2083 3243">
     <span class='ocr_line' id='line_1_48' title="bbox 495 3165 2083 3243; baseline 0.004 -23"><span class='ocrx_word' id='word_1_319' title='bbox 495 3165 651 3236; x_wconf 90' lang='lat' dir='ltr'><strong>prius</strong></span> <span class='ocrx_word' id='word_1_320' title='bbox 677 3168 973 3238; x_wconf 83' lang='lat' dir='ltr'><strong>abjuraret,</strong></span> <span class='ocrx_word' id='word_1_321' title='bbox 1002 3170 1148 3241; x_wconf 86' lang='lat' dir='ltr'><strong>quod</strong></span> <span class='ocrx_word' id='word_1_322' title='bbox 1175 3170 1238 3225; x_wconf 76' lang='lat' dir='ltr'><strong>ad</strong></span> <span class='ocrx_word' id='word_1_323' title='bbox 1265 3186 1460 3242; x_wconf 83' lang='lat' dir='ltr'><strong>papam</strong></span> <span class='ocrx_word' id='word_1_324' title='bbox 1486 3172 1807 3243; x_wconf 79' lang='lat' dir='ltr'><strong>Gregorium</strong></span> <span class='ocrx_word' id='word_1_325' title='bbox 1838 3173 2083 3230; x_wconf 85' lang='lat' dir='ltr'><strong>diversu-</strong></span> 
     </span>
    </p>
   </div>
   <div class='ocr_carea' id='block_1_49' title="bbox 498 3274 933 3320">
    <p class='ocr_par' dir='ltr' id='par_1_49' title="bbox 498 3274 933 3320">
     <span class='ocr_line' id='line_1_49' title="bbox 498 3274 933 3320; baseline 0.011 -5"><span class='ocrx_word' id='word_1_326' title='bbox 498 3278 597 3318; x_wconf 79' lang='lat' dir='ltr'><strong>I‘US</strong></span> <span class='ocrx_word' id='word_1_327' title='bbox 626 3278 737 3320; x_wconf 87' lang='lat' dir='ltr'><strong>non</strong></span> <span class='ocrx_word' id='word_1_328' title='bbox 766 3274 933 3320; x_wconf 76' lang='lat' dir='ltr'><strong>CSSCI.</strong></span> 
     </span>
    </p>
   </div>
   <div class='ocr_carea' id='block_1_50' title="bbox 1134 3357 1423 3414">
    <p class='ocr_par' dir='ltr' id='par_1_50' title="bbox 1134 3357 1423 3414">
     <span class='ocr_line' id='line_1_50' title="bbox 1134 3357 1423 3414; baseline 0.007 -2"><span class='ocrx_word' id='word_1_329' title='bbox 1134 3357 1423 3414; x_wconf 72' lang='lat' dir='ltr'><strong>MLXXXI.</strong></span> 
     </span>
    </p>
   </div>
   <div class='ocr_carea' id='block_1_51' title="bbox 572 3444 2085 3523">
    <p class='ocr_par' dir='ltr' id='par_1_51' title="bbox 572 3444 2085 3523">
     <span class='ocr_line' id='line_1_51' title="bbox 572 3444 2085 3523; baseline 0.005 -24"><span class='ocrx_word' id='word_1_330' title='bbox 572 3444 866 3523; x_wconf 88' lang='lat' dir='ltr'><strong>lleinricus</strong></span> <span class='ocrx_word' id='word_1_331' title='bbox 889 3458 1015 3519; x_wconf 89' lang='lat' dir='ltr'><strong>post</strong></span> <span class='ocrx_word' id='word_1_332' title='bbox 1036 3451 1245 3506; x_wconf 82' lang='lat' dir='ltr'><strong>obitum</strong></span> <span class='ocrx_word' id='word_1_333' title='bbox 1272 3450 1520 3506; x_wconf 73' lang='lat' dir='ltr'><strong>Iioudolli</strong></span> <span class='ocrx_word' id='word_1_334' title='bbox 1564 3452 1706 3522; x_wconf 87' lang='lat' dir='ltr'><strong>regis</strong></span> <span class='ocrx_word' id='word_1_335' title='bbox 1737 3450 2005 3507; x_wconf 81' lang='lat' dir='ltr'><strong>Veronam</strong></span> <span class='ocrx_word' id='word_1_336' title='bbox 2030 3453 2085 3506; x_wconf 91' lang='lat' dir='ltr'><strong>in</strong></span> 
     </span>
    </p>
   </div>
   <div class='ocr_carea' id='block_1_52' title="bbox 502 3538 2087 3613">
    <p class='ocr_par' dir='ltr' id='par_1_52' title="bbox 502 3538 2087 3613">
     <span class='ocr_line' id='line_1_52' title="bbox 502 3538 2087 3613; baseline 0.003 -22"><span class='ocrx_word' id='word_1_337' title='bbox 502 3538 707 3605; x_wconf 87' lang='lat' dir='ltr'><strong>pascha</strong></span> <span class='ocrx_word' id='word_1_338' title='bbox 730 3539 896 3605; x_wconf 87' lang='lat' dir='ltr'><strong>venit,</strong></span> <span class='ocrx_word' id='word_1_339' title='bbox 921 3549 973 3594; x_wconf 92' lang='lat' dir='ltr'><strong>et</strong></span> <span class='ocrx_word' id='word_1_340' title='bbox 1006 3540 1130 3596; x_wconf 87' lang='lat' dir='ltr'><strong>inde</strong></span> <span class='ocrx_word' id='word_1_341' title='bbox 1159 3543 1225 3596; x_wconf 87' lang='lat' dir='ltr'><strong>ad</strong></span> <span class='ocrx_word' id='word_1_342' title='bbox 1249 3542 1604 3597; x_wconf 83' lang='lat' dir='ltr'><strong>invadendam</strong></span> <span class='ocrx_word' id='word_1_343' title='bbox 1622 3541 1853 3596; x_wconf 78' lang='lat' dir='ltr'><strong>Romam</strong></span> <span class='ocrx_word' id='word_1_344' title='bbox 1881 3543 2087 3613; x_wconf 78' lang='grc'><strong>(1517),</strong></span> 
     </span>
    </p>
   </div>
   <div class='ocr_carea' id='block_1_53' title="bbox 2168 1882 3742 1955">
    <p class='ocr_par' dir='ltr' id='par_1_53' title="bbox 2168 1882 3742 1955">
     <span class='ocr_line' id='line_1_53' title="bbox 2168 1882 3742 1955; baseline -0.006 -9"><span class='ocrx_word' id='word_1_345' title='bbox 2168 1891 2366 1946; x_wconf 90' lang='lat' dir='ltr'><strong>iterum</strong></span> <span class='ocrx_word' id='word_1_346' title='bbox 2436 1888 2667 1944; x_wconf 78' lang='lat' dir='ltr'><strong>Romam</strong></span> <span class='ocrx_word' id='word_1_347' title='bbox 2723 1887 3013 1941; x_wconf 87' lang='lat' dir='ltr'><strong>invasurus</strong></span> <span class='ocrx_word' id='word_1_348' title='bbox 3071 1883 3455 1955; x_wconf 81' lang='lat' dir='ltr'><strong>proficiscitur,</strong></span> <span class='ocrx_word' id='word_1_349' title='bbox 3511 1882 3742 1938; x_wconf 76' lang='lat' dir='ltr'><strong>adunata</strong></span> 
     </span>
    </p>
   </div>
   <div class='ocr_carea' id='block_1_54' title="bbox 2170 1975 3748 2046">
    <p class='ocr_par' dir='ltr' id='par_1_54' title="bbox 2170 1975 3748 2046">
     <span class='ocr_line' id='line_1_54' title="bbox 2170 1975 3748 2046; baseline -0.007 -8"><span class='ocrx_word' id='word_1_350' title='bbox 2170 1981 2519 2038; x_wconf 72' lang='lat' dir='ltr'><strong>mtdtitudine</strong></span> <span class='ocrx_word' id='word_1_351' title='bbox 2555 1976 3027 2042; x_wconf 88' lang='lat' dir='ltr'><strong>scismaticorum;</strong></span> <span class='ocrx_word' id='word_1_352' title='bbox 3060 1975 3241 2046; x_wconf 86' lang='lat' dir='ltr'><strong>ibique</strong></span> <span class='ocrx_word' id='word_1_353' title='bbox 3263 1989 3329 2029; x_wconf 89' lang='lat' dir='ltr'><strong>ea</strong></span> <span class='ocrx_word' id='word_1_354' title='bbox 3361 1981 3555 2029; x_wconf 64' lang='lat' dir='ltr'><strong>aestate</strong></span> <span class='ocrx_word' id='word_1_355' title='bbox 3576 1988 3748 2028; x_wconf 86' lang='lat' dir='ltr'><strong>mora-</strong></span> 
     </span>
    </p>
   </div>
   <div class='ocr_carea' id='block_1_55' title="bbox 2170 2065 3748 2145">
    <p class='ocr_par' dir='ltr' id='par_1_55' title="bbox 2170 2065 3748 2145">
     <span class='ocr_line' id='line_1_55' title="bbox 2170 2065 3748 2145; baseline -0.008 -15"><span class='ocrx_word' id='word_1_356' title='bbox 2170 2086 2260 2130; x_wconf 92' lang='lat' dir='ltr'><strong>tus</strong></span> <span class='ocrx_word' id='word_1_357' title='bbox 2285 2088 2423 2145; x_wconf 88' lang='lat' dir='ltr'><strong>pene</strong></span> <span class='ocrx_word' id='word_1_358' title='bbox 2446 2073 2722 2128; x_wconf 89' lang='lat' dir='ltr'><strong>incassum</strong></span> <span class='ocrx_word' id='word_1_359' title='bbox 2750 2067 3036 2134; x_wconf 88' lang='lat' dir='ltr'><strong>laboravit,</strong></span> <span class='ocrx_word' id='word_1_360' title='bbox 3082 2067 3187 2121; x_wconf 89' lang='lat' dir='ltr'><strong>nisi</strong></span> <span class='ocrx_word' id='word_1_361' title='bbox 3224 2067 3370 2138; x_wconf 87' lang='lat' dir='ltr'><strong>quod</strong></span> <span class='ocrx_word' id='word_1_362' title='bbox 3397 2065 3601 2120; x_wconf 88' lang='lat' dir='ltr'><strong>milites</strong></span> <span class='ocrx_word' id='word_1_363' title='bbox 3622 2082 3748 2120; x_wconf 84' lang='lat' dir='ltr'><strong>suos</strong></span> 
     </span>
    </p>
   </div>
   <div class='ocr_carea' id='block_1_56' title="bbox 2171 2154 3747 2238">
    <p class='ocr_par' dir='ltr' id='par_1_56' title="bbox 2171 2154 3747 2238">
     <span class='ocr_line' id='line_1_56' title="bbox 2171 2154 3747 2238; baseline -0.008 -16"><span class='ocrx_word' id='word_1_364' title='bbox 2171 2165 2499 2238; x_wconf 83' lang='lat' dir='ltr'><strong>quibusdam</strong></span> <span class='ocrx_word' id='word_1_365' title='bbox 2523 2161 2781 2229; x_wconf 88' lang='lat' dir='ltr'><strong>castellis,</strong></span> <span class='ocrx_word' id='word_1_366' title='bbox 2812 2169 2874 2215; x_wconf 90' lang='lat' dir='ltr'><strong>ut</strong></span> <span class='ocrx_word' id='word_1_367' title='bbox 2916 2158 3155 2235; x_wconf 85' lang='lat' dir='ltr'><strong>facerent</strong></span> <span class='ocrx_word' id='word_1_368' title='bbox 3192 2173 3424 2212; x_wconf 81' lang='lat' dir='ltr'><strong>werram</strong></span> <span class='ocrx_word' id='word_1_369' title='bbox 3463 2154 3747 2221; x_wconf 80' lang='lat' dir='ltr'><strong>Romanis,</strong></span> 
     </span>
    </p>
   </div>
   <div class='ocr_carea' id='block_1_57' title="bbox 2173 2248 3751 2329">
    <p class='ocr_par' dir='ltr' id='par_1_57' title="bbox 2173 2248 3751 2329">
     <span class='ocr_line' id='line_1_57' title="bbox 2173 2248 3751 2329; baseline -0.009 -15"><span class='ocrx_word' id='word_1_370' title='bbox 2173 2257 2454 2329; x_wconf 90' lang='lat' dir='ltr'><strong>imposuit,</strong></span> <span class='ocrx_word' id='word_1_371' title='bbox 2483 2255 2610 2326; x_wconf 91' lang='lat' dir='ltr'><strong>quia</strong></span> <span class='ocrx_word' id='word_1_372' title='bbox 2648 2268 2773 2309; x_wconf 91' lang='lat' dir='ltr'><strong>eum</strong></span> <span class='ocrx_word' id='word_1_373' title='bbox 2820 2268 2918 2308; x_wconf 89' lang='lat' dir='ltr'><strong>nec</strong></span> <span class='ocrx_word' id='word_1_374' title='bbox 2968 2252 3071 2307; x_wconf 91' lang='lat' dir='ltr'><strong>hac</strong></span> <span class='ocrx_word' id='word_1_375' title='bbox 3110 2251 3227 2305; x_wconf 86' lang='lat' dir='ltr'><strong>vice</strong></span> <span class='ocrx_word' id='word_1_376' title='bbox 3259 2248 3494 2304; x_wconf 85' lang='lat' dir='ltr'><strong>Romam</strong></span> <span class='ocrx_word' id='word_1_377' title='bbox 3548 2249 3751 2302; x_wconf 82' lang='lat' dir='ltr'><strong>intrare</strong></span> 
     </span>
    </p>
   </div>
   <div class='ocr_carea' id='block_1_58' title="bbox 2173 2338 3748 2424">
    <p class='ocr_par' dir='ltr' id='par_1_58' title="bbox 2173 2338 3748 2424">
     <span class='ocr_line' id='line_1_58' title="bbox 2173 2338 3748 2424; baseline -0.009 -17"><span class='ocrx_word' id='word_1_378' title='bbox 2173 2350 2558 2424; x_wconf 78' lang='lat' dir='ltr'><strong>permiserunt.</strong></span> <span class='ocrx_word' id='word_1_379' title='bbox 2597 2345 2782 2418; x_wconf 81' lang='lat' dir='ltr'><strong>Ignem</strong></span> <span class='ocrx_word' id='word_1_380' title='bbox 2804 2359 3023 2416; x_wconf 91' lang='lat' dir='ltr'><strong>quoque</strong></span> <span class='ocrx_word' id='word_1_381' title='bbox 3063 2343 3117 2397; x_wconf 86' lang='lat' dir='ltr'><strong>in</strong></span> <span class='ocrx_word' id='word_1_382' title='bbox 3149 2342 3372 2398; x_wconf 89' lang='lat' dir='ltr'><strong>domum</strong></span> <span class='ocrx_word' id='word_1_383' title='bbox 3402 2341 3581 2395; x_wconf 83' lang='lat' dir='ltr'><strong>sancti</strong></span> <span class='ocrx_word' id='word_1_384' title='bbox 3611 2338 3748 2394; x_wconf 84' lang='lat' dir='ltr'><strong>Petri</strong></span> 
     </span>
    </p>
   </div>
   <div class='ocr_carea' id='block_1_59' title="bbox 2176 2430 3750 2515">
    <p class='ocr_par' dir='ltr' id='par_1_59' title="bbox 2176 2430 3750 2515">
     <span class='ocr_line' id='line_1_59' title="bbox 2176 2430 3750 2515; baseline -0.009 -18"><span class='ocrx_word' id='word_1_385' title='bbox 2176 2460 2273 2515; x_wconf 87' lang='lat' dir='ltr'><strong>per</strong></span> <span class='ocrx_word' id='word_1_386' title='bbox 2304 2440 2577 2513; x_wconf 90' lang='lat' dir='ltr'><strong>quendam</strong></span> <span class='ocrx_word' id='word_1_387' title='bbox 2618 2438 2936 2493; x_wconf 89' lang='lat' dir='ltr'><strong>traditorem</strong></span> <span class='ocrx_word' id='word_1_388' title='bbox 2983 2434 3273 2490; x_wconf 89' lang='lat' dir='ltr'><strong>immittere</strong></span> <span class='ocrx_word' id='word_1_389' title='bbox 3302 2433 3497 2499; x_wconf 85' lang='lat' dir='ltr'><strong>voluit,</strong></span> <span class='ocrx_word' id='word_1_390' title='bbox 3535 2440 3621 2487; x_wconf 90' lang='lat' dir='ltr'><strong>set</strong></span> <span class='ocrx_word' id='word_1_391' title='bbox 3659 2430 3750 2484; x_wconf 79' lang='lat' dir='ltr'><strong>Dei</strong></span> 
     </span>
    </p>
   </div>
   <div class='ocr_carea' id='block_1_60' title="bbox 2176 2522 3749 2601">
    <p class='ocr_par' dir='ltr' id='par_1_60' title="bbox 2176 2522 3749 2601">
     <span class='ocr_line' id='line_1_60' title="bbox 2176 2522 3749 2601; baseline -0.01 -11"><span class='ocrx_word' id='word_1_392' title='bbox 2176 2533 2549 2590; x_wconf 87' lang='lat' dir='ltr'><strong>misericordia</strong></span> <span class='ocrx_word' id='word_1_393' title='bbox 2577 2537 2891 2601; x_wconf 80' lang='lat' dir='ltr'><strong>protegente</strong></span> <span class='ocrx_word' id='word_1_394' title='bbox 2919 2541 3027 2583; x_wconf 90' lang='lat' dir='ltr'><strong>non</strong></span> <span class='ocrx_word' id='word_1_395' title='bbox 3050 2526 3243 2597; x_wconf 90' lang='lat' dir='ltr'><strong>potuit.</strong></span> <span class='ocrx_word' id='word_1_396' title='bbox 3274 2524 3549 2596; x_wconf 81' lang='lat' dir='ltr'><strong>Cogitavit</strong></span> <span class='ocrx_word' id='word_1_397' title='bbox 3587 2522 3749 2583; x_wconf 88' lang='lat' dir='ltr'><strong>enim,</strong></span> 
     </span>
    </p>
   </div>
   <div class='ocr_carea' id='block_1_61' title="bbox 2180 2612 3751 2694">
    <p class='ocr_par' dir='ltr' id='par_1_61' title="bbox 2180 2612 3751 2694">
     <span class='ocr_line' id='line_1_61' title="bbox 2180 2612 3751 2694; baseline -0.009 -13"><span class='ocrx_word' id='word_1_398' title='bbox 2180 2635 2239 2681; x_wconf 94' lang='lat' dir='ltr'><strong>ut</strong></span> <span class='ocrx_word' id='word_1_399' title='bbox 2268 2626 2336 2681; x_wconf 90' lang='lat' dir='ltr'><strong>de</strong></span> <span class='ocrx_word' id='word_1_400' title='bbox 2382 2622 2680 2694; x_wconf 85' lang='lat' dir='ltr'><strong>improviso</strong></span> <span class='ocrx_word' id='word_1_401' title='bbox 2714 2629 2902 2693; x_wconf 88' lang='lat' dir='ltr'><strong>portas</strong></span> <span class='ocrx_word' id='word_1_402' title='bbox 2942 2619 3269 2688; x_wconf 88' lang='lat' dir='ltr'><strong>irrumperet</strong></span> <span class='ocrx_word' id='word_1_403' title='bbox 3313 2616 3405 2681; x_wconf 68' lang='grc'><strong>³⁷⁵,</strong></span> <span class='ocrx_word' id='word_1_404' title='bbox 3434 2614 3481 2671; x_wconf 89' lang='lat' dir='ltr'><strong>si</strong></span> <span class='ocrx_word' id='word_1_405' title='bbox 3526 2612 3751 2669; x_wconf 80' lang='lat' dir='ltr'><strong>Romani</strong></span> 
     </span>
    </p>
   </div>
   <div class='ocr_carea' id='block_1_62' title="bbox 2179 2706 3754 2786">
    <p class='ocr_par' dir='ltr' id='par_1_62' title="bbox 2179 2706 3754 2786">
     <span class='ocr_line' id='line_1_62' title="bbox 2179 2706 3754 2786; baseline -0.009 -13"><span class='ocrx_word' id='word_1_406' title='bbox 2179 2716 2453 2773; x_wconf 79' lang='lat' dir='ltr'><strong>derelictis</strong></span> <span class='ocrx_word' id='word_1_407' title='bbox 2487 2712 2908 2786; x_wconf 88' lang='lat' dir='ltr'><strong>propugnaculis</strong></span> <span class='ocrx_word' id='word_1_408' title='bbox 2942 2711 3011 2767; x_wconf 91' lang='lat' dir='ltr'><strong>ad</strong></span> <span class='ocrx_word' id='word_1_409' title='bbox 3058 2708 3368 2765; x_wconf 84' lang='lat' dir='ltr'><strong>incendium</strong></span> <span class='ocrx_word' id='word_1_410' title='bbox 3410 2706 3754 2778; x_wconf 82' lang='lat' dir='ltr'><strong>restinguen-</strong></span> 
     </span>
    </p>
   </div>
   <div class='ocr_carea' id='block_1_63' title="bbox 2179 2797 3756 2874">
    <p class='ocr_par' dir='ltr' id='par_1_63' title="bbox 2179 2797 3756 2874">
     <span class='ocr_line' id='line_1_63' title="bbox 2179 2797 3756 2874; baseline -0.01 -8"><span class='ocrx_word' id='word_1_411' title='bbox 2179 2811 2312 2867; x_wconf 90' lang='lat' dir='ltr'><strong>dum</strong></span> <span class='ocrx_word' id='word_1_412' title='bbox 2336 2813 2760 2873; x_wconf 89' lang='lat' dir='ltr'><strong>concurrerent;</strong></span> <span class='ocrx_word' id='word_1_413' title='bbox 2785 2803 2929 2859; x_wconf 89' lang='lat' dir='ltr'><strong>unde</strong></span> <span class='ocrx_word' id='word_1_414' title='bbox 2948 2803 3128 2874; x_wconf 86' lang='lat' dir='ltr'><strong>ignem</strong></span> <span class='ocrx_word' id='word_1_415' title='bbox 3157 2801 3411 2857; x_wconf 78' lang='lat' dir='ltr'><strong>domibus</strong></span> <span class='ocrx_word' id='word_1_416' title='bbox 3433 2797 3756 2869; x_wconf 85' lang='lat' dir='ltr'><strong>quibusdam</strong></span> 
     </span>
    </p>
   </div>
   <div class='ocr_carea' id='block_1_64' title="bbox 2181 2889 3759 2968">
    <p class='ocr_par' dir='ltr' id='par_1_64' title="bbox 2181 2889 3759 2968">
     <span class='ocr_line' id='line_1_64' title="bbox 2181 2889 3759 2968; baseline -0.01 -11"><span class='ocrx_word' id='word_1_417' title='bbox 2181 2899 2386 2957; x_wconf 77' lang='lat' dir='ltr'><strong>Sancto</strong></span> <span class='ocrx_word' id='word_1_418' title='bbox 2436 2897 2596 2954; x_wconf 88' lang='lat' dir='ltr'><strong>Petro</strong></span> <span class='ocrx_word' id='word_1_419' title='bbox 2630 2894 2902 2968; x_wconf 81' lang='lat' dir='ltr'><strong>contiguis</strong></span> <span class='ocrx_word' id='word_1_420' title='bbox 2940 2894 3158 2949; x_wconf 91' lang='lat' dir='ltr'><strong>immitti</strong></span> <span class='ocrx_word' id='word_1_421' title='bbox 3196 2891 3342 2948; x_wconf 88' lang='lat' dir='ltr'><strong>fecit.</strong></span> <span class='ocrx_word' id='word_1_422' title='bbox 3385 2889 3483 2946; x_wconf 86' lang='lat' dir='ltr'><strong>Set</strong></span> <span class='ocrx_word' id='word_1_423' title='bbox 3528 2890 3759 2946; x_wconf 86' lang='lat' dir='ltr'><strong>domnus</strong></span> 
     </span>
    </p>
   </div>
   <div class='ocr_carea' id='block_1_65' title="bbox 2185 2981 3758 3065">
    <p class='ocr_par' dir='ltr' id='par_1_65' title="bbox 2185 2981 3758 3065">
     <span class='ocr_line' id='line_1_65' title="bbox 2185 2981 3758 3065; baseline -0.01 -16"><span class='ocrx_word' id='word_1_424' title='bbox 2185 2992 2515 3065; x_wconf 87' lang='lat' dir='ltr'><strong>apostolicus</strong></span> <span class='ocrx_word' id='word_1_425' title='bbox 2560 2990 2688 3045; x_wconf 92' lang='lat' dir='ltr'><strong>huic</strong></span> <span class='ocrx_word' id='word_1_426' title='bbox 2734 2987 2987 3043; x_wconf 58' lang='lat' dir='ltr'><strong>versutia:</strong></span> <span class='ocrx_word' id='word_1_427' title='bbox 3043 2984 3314 3051; x_wconf 87' lang='lat' dir='ltr'><strong>obviavit;</strong></span> <span class='ocrx_word' id='word_1_428' title='bbox 3347 2998 3476 3038; x_wconf 89' lang='lat' dir='ltr'><strong>nam</strong></span> <span class='ocrx_word' id='word_1_429' title='bbox 3524 2981 3758 3052; x_wconf 87' lang='lat' dir='ltr'><strong>primum</strong></span> 
     </span>
    </p>
   </div>
   <div class='ocr_carea' id='block_1_66' title="bbox 2184 3073 3760 3146">
    <p class='ocr_par' dir='ltr' id='par_1_66' title="bbox 2184 3073 3760 3146">
     <span class='ocr_line' id='line_1_66' title="bbox 2184 3073 3760 3146; baseline -0.01 -5"><span class='ocrx_word' id='word_1_430' title='bbox 2184 3086 2304 3141; x_wconf 89' lang='lat' dir='ltr'><strong>viso</strong></span> <span class='ocrx_word' id='word_1_431' title='bbox 2329 3082 2600 3146; x_wconf 88' lang='lat' dir='ltr'><strong>inccndio,</strong></span> <span class='ocrx_word' id='word_1_432' title='bbox 2633 3095 2825 3136; x_wconf 90' lang='lat' dir='ltr'><strong>omnes</strong></span> <span class='ocrx_word' id='word_1_433' title='bbox 2861 3079 3062 3135; x_wconf 90' lang='lat' dir='ltr'><strong>milites</strong></span> <span class='ocrx_word' id='word_1_434' title='bbox 3098 3076 3374 3133; x_wconf 78' lang='lat' dir='ltr'><strong>Romanos</strong></span> <span class='ocrx_word' id='word_1_435' title='bbox 3396 3074 3491 3140; x_wconf 82' lang='grc'><strong>⁸’⁸,</strong></span> <span class='ocrx_word' id='word_1_436' title='bbox 3523 3073 3591 3128; x_wconf 91' lang='lat' dir='ltr'><strong>ad</strong></span> <span class='ocrx_word' id='word_1_437' title='bbox 3635 3086 3760 3142; x_wconf 85' lang='lat' dir='ltr'><strong>pro-</strong></span> 
     </span>
    </p>
   </div>
   <div class='ocr_carea' id='block_1_67' title="bbox 2188 3163 3763 3252">
    <p class='ocr_par' dir='ltr' id='par_1_67' title="bbox 2188 3163 3763 3252">
     <span class='ocr_line' id='line_1_67' title="bbox 2188 3163 3763 3252; baseline -0.01 -21"><span class='ocrx_word' id='word_1_438' title='bbox 2188 3176 2494 3252; x_wconf 77' lang='lat' dir='ltr'><strong>pugnacula</strong></span> <span class='ocrx_word' id='word_1_439' title='bbox 2518 3171 2851 3229; x_wconf 87' lang='lat' dir='ltr'><strong>defcmlenda</strong></span> <span class='ocrx_word' id='word_1_440' title='bbox 2873 3169 3198 3235; x_wconf 88' lang='lat' dir='ltr'><strong>transmisit,</strong></span> <span class='ocrx_word' id='word_1_441' title='bbox 3213 3169 3437 3238; x_wconf 85' lang='lat' dir='ltr'><strong>ipseque</strong></span> <span class='ocrx_word' id='word_1_442' title='bbox 3457 3166 3613 3221; x_wconf 88' lang='lat' dir='ltr'><strong>solus</strong></span> <span class='ocrx_word' id='word_1_443' title='bbox 3632 3163 3763 3219; x_wconf 80' lang='lat' dir='ltr'><strong>ﬁdu-</strong></span> 
     </span>
    </p>
   </div>
   <div class='ocr_carea' id='block_1_68' title="bbox 2188 3258 3763 3332">
    <p class='ocr_par' dir='ltr' id='par_1_68' title="bbox 2188 3258 3763 3332">
     <span class='ocr_line' id='line_1_68' title="bbox 2188 3258 3763 3332; baseline -0.009 -8"><span class='ocrx_word' id='word_1_444' title='bbox 2188 3270 2272 3324; x_wconf 92' lang='lat' dir='ltr'><strong>cia</strong></span> <span class='ocrx_word' id='word_1_445' title='bbox 2320 3266 2493 3324; x_wconf 89' lang='lat' dir='ltr'><strong>saneti</strong></span> <span class='ocrx_word' id='word_1_446' title='bbox 2531 3265 2674 3319; x_wconf 84' lang='lat' dir='ltr'><strong>Petri</strong></span> <span class='ocrx_word' id='word_1_447' title='bbox 2709 3262 2900 3329; x_wconf 88' lang='lat' dir='ltr'><strong>fretus,</strong></span> <span class='ocrx_word' id='word_1_448' title='bbox 2938 3261 3083 3317; x_wconf 88' lang='lat' dir='ltr'><strong>facto</strong></span> <span class='ocrx_word' id='word_1_449' title='bbox 3129 3260 3285 3332; x_wconf 87' lang='lat' dir='ltr'><strong>signo</strong></span> <span class='ocrx_word' id='word_1_450' title='bbox 3319 3259 3392 3291; x_wconf 80' lang='grc'>³’⁶</span> <span class='ocrx_word' id='word_1_451' title='bbox 3425 3258 3611 3313; x_wconf 84' lang='lat' dir='ltr'><strong>crucis</strong></span> <span class='ocrx_word' id='word_1_452' title='bbox 3636 3272 3763 3312; x_wconf 88' lang='lat' dir='ltr'><strong>con-</strong></span> 
     </span>
    </p>
   </div>
   <div class='ocr_carea' id='block_1_69' title="bbox 2188 3350 3765 3426">
    <p class='ocr_par' dir='ltr' id='par_1_69' title="bbox 2188 3350 3765 3426">
     <span class='ocr_line' id='line_1_69' title="bbox 2188 3350 3765 3426; baseline -0.011 -8"><span class='ocrx_word' id='word_1_453' title='bbox 2188 3372 2272 3418; x_wconf 88' lang='lat' dir='ltr'><strong>tra</strong></span> <span class='ocrx_word' id='word_1_454' title='bbox 2303 3360 2374 3393; x_wconf 82' lang='grc'>³⁷⁶</span> <span class='ocrx_word' id='word_1_455' title='bbox 2402 3359 2713 3415; x_wconf 88' lang='lat' dir='ltr'><strong>incendium</strong></span> <span class='ocrx_word' id='word_1_456' title='bbox 2760 3357 2849 3424; x_wconf 78' lang='grc'><strong>³⁷⁸,</strong></span> <span class='ocrx_word' id='word_1_457' title='bbox 2888 3356 3066 3426; x_wconf 85' lang='lat' dir='ltr'><strong>ignem</strong></span> <span class='ocrx_word' id='word_1_458' title='bbox 3100 3352 3354 3425; x_wconf 85' lang='lat' dir='ltr'><strong>progredi</strong></span> <span class='ocrx_word' id='word_1_459' title='bbox 3394 3350 3629 3406; x_wconf 87' lang='lat' dir='ltr'><strong>ulterius</strong></span> <span class='ocrx_word' id='word_1_460' title='bbox 3660 3363 3765 3403; x_wconf 86' lang='lat' dir='ltr'><strong>non</strong></span> 
     </span>
    </p>
   </div>
   <div class='ocr_carea' id='block_1_70' title="bbox 2189 3442 3768 3526">
    <p class='ocr_par' dir='ltr' id='par_1_70' title="bbox 2189 3442 3768 3526">
     <span class='ocr_line' id='line_1_70' title="bbox 2189 3442 3768 3526; baseline -0.01 -16"><span class='ocrx_word' id='word_1_461' title='bbox 2189 3453 2455 3526; x_wconf 90' lang='lat' dir='ltr'><strong>permisit.</strong></span> <span class='ocrx_word' id='word_1_462' title='bbox 2481 3449 2651 3522; x_wconf 86' lang='lat' dir='ltr'><strong>Igitur</strong></span> <span class='ocrx_word' id='word_1_463' title='bbox 2677 3447 2967 3523; x_wconf 82' lang='lat' dir='ltr'><strong>Heinricus</strong></span> <span class='ocrx_word' id='word_1_464' title='bbox 2988 3455 3152 3517; x_wconf 89' lang='lat' dir='ltr'><strong>capto</strong></span> <span class='ocrx_word' id='word_1_465' title='bbox 3177 3443 3477 3499; x_wconf 86' lang='lat' dir='ltr'><strong>venerabili</strong></span> <span class='ocrx_word' id='word_1_466' title='bbox 3514 3442 3768 3513; x_wconf 85' lang='lat' dir='ltr'><strong>episcopo</strong></span> 
     </span>
    </p>
   </div>
   <div class='ocr_carea' id='block_1_71' title="bbox 2192 3536 3767 3612">
    <p class='ocr_par' dir='ltr' id='par_1_71' title="bbox 2192 3536 3767 3612">
     <span class='ocr_line' id='line_1_71' title="bbox 2192 3536 3767 3612; baseline -0.01 -11"><span class='ocrx_word' id='word_1_467' title='bbox 2192 3547 2261 3601; x_wconf 92' lang='lat' dir='ltr'><strong>dc</strong></span> <span class='ocrx_word' id='word_1_468' title='bbox 2308 3544 2490 3600; x_wconf 89' lang='lat' dir='ltr'><strong>Sutria</strong></span> <span class='ocrx_word' id='word_1_469' title='bbox 2544 3540 2750 3612; x_wconf 75' lang='grc'><strong>(1519),</strong></span> <span class='ocrx_word' id='word_1_470' title='bbox 2788 3539 3017 3610; x_wconf 87' lang='lat' dir='ltr'><strong>aliisque</strong></span> <span class='ocrx_word' id='word_1_471' title='bbox 3056 3536 3352 3602; x_wconf 88' lang='lat' dir='ltr'><strong>nonnullis,</strong></span> <span class='ocrx_word' id='word_1_472' title='bbox 3388 3549 3606 3605; x_wconf 87' lang='lat' dir='ltr'><strong>suoque</strong></span> <span class='ocrx_word' id='word_1_473' title='bbox 3643 3548 3767 3602; x_wconf 85' lang='lat' dir='ltr'><strong>apo-</strong></span> 
     </span>
    </p>
   </div>
   <div class='ocr_carea' id='block_1_72' title="bbox 505 3623 3771 3706">
    <p class='ocr_par' dir='ltr' id='par_1_72' title="bbox 505 3623 3771 3706">
     <span class='ocr_line' id='line_1_72' title="bbox 505 3623 3771 3706; baseline -0.002 -21"><span class='ocrx_word' id='word_1_474' title='bbox 505 3645 633 3685; x_wconf 90' lang='lat' dir='ltr'><strong>cum</strong></span> <span class='ocrx_word' id='word_1_475' title='bbox 649 3646 750 3686; x_wconf 88' lang='lat' dir='ltr'><strong>suo</strong></span> <span class='ocrx_word' id='word_1_476' title='bbox 770 3646 879 3689; x_wconf 89' lang='lat' dir='ltr'><strong>non</strong></span> <span class='ocrx_word' id='word_1_477' title='bbox 896 3634 1220 3702; x_wconf 86' lang='lat' dir='ltr'><strong>apostolico,</strong></span> <span class='ocrx_word' id='word_1_478' title='bbox 1247 3644 1327 3689; x_wconf 90' lang='lat' dir='ltr'><strong>set</strong></span> <span class='ocrx_word' id='word_1_479' title='bbox 1348 3633 2093 3706; x_wconf 84' lang='lat' dir='ltr'><strong>apostataGuibcrto,utputa</strong></span> <span class='ocrx_word' id='word_1_480' title='bbox 2193 3648 2334 3696; x_wconf 75' lang='lat' dir='ltr'><strong>stata</strong></span> <span class='ocrx_word' id='word_1_481' title='bbox 2366 3636 2628 3693; x_wconf 87' lang='lat' dir='ltr'><strong>Guiberto</strong></span> <span class='ocrx_word' id='word_1_482' title='bbox 2654 3634 2708 3687; x_wconf 92' lang='lat' dir='ltr'><strong>in</strong></span> <span class='ocrx_word' id='word_1_483' title='bbox 2739 3631 3023 3687; x_wconf 89' lang='lat' dir='ltr'><strong>Tiburtina</strong></span> <span class='ocrx_word' id='word_1_484' title='bbox 3052 3630 3185 3684; x_wconf 89' lang='lat' dir='ltr'><strong>urbe</strong></span> <span class='ocrx_word' id='word_1_485' title='bbox 3210 3629 3277 3683; x_wconf 90' lang='lat' dir='ltr'><strong>ad</strong></span> <span class='ocrx_word' id='word_1_486' title='bbox 3298 3626 3644 3688; x_wconf 83' lang='lat' dir='ltr'><strong>infestandos</strong></span> <span class='ocrx_word' id='word_1_487' title='bbox 3670 3623 3771 3677; x_wconf 75' lang='lat' dir='ltr'><strong>lio-</strong></span> 
     </span>
    </p>
   </div>
   <div class='ocr_carea' id='block_1_73' title="bbox 507 3722 2096 3797">
    <p class='ocr_par' dir='ltr' id='par_1_73' title="bbox 507 3722 2096 3797">
     <span class='ocr_line' id='line_1_73' title="bbox 507 3722 2096 3797; baseline 0.003 -20"><span class='ocrx_word' id='word_1_488' title='bbox 507 3722 696 3778; x_wconf 90' lang='lat' dir='ltr'><strong>domni</strong></span> <span class='ocrx_word' id='word_1_489' title='bbox 718 3725 1005 3793; x_wconf 86' lang='lat' dir='ltr'><strong>apostolici</strong></span> <span class='ocrx_word' id='word_1_490' title='bbox 1038 3740 1145 3781; x_wconf 90' lang='lat' dir='ltr'><strong>non</strong></span> <span class='ocrx_word' id='word_1_491' title='bbox 1167 3726 1335 3781; x_wconf 89' lang='lat' dir='ltr'><strong>semel</strong></span> <span class='ocrx_word' id='word_1_492' title='bbox 1362 3727 1583 3797; x_wconf 90' lang='lat' dir='ltr'><strong>perjuro</strong></span> <span class='ocrx_word' id='word_1_493' title='bbox 1605 3736 1660 3781; x_wconf 89' lang='lat' dir='ltr'><strong>et</strong></span> <span class='ocrx_word' id='word_1_494' title='bbox 1688 3726 1756 3759; x_wconf 71' lang='grc'><strong>⁸⁷³</strong></span> <span class='ocrx_word' id='word_1_495' title='bbox 1779 3728 2096 3784; x_wconf 87' lang='lat' dir='ltr'><strong>anathema-</strong></span> 
     </span>
    </p>
   </div>
   <div class='ocr_carea' id='block_1_74' title="bbox 507 3815 2092 3887">
    <p class='ocr_par' dir='ltr' id='par_1_74' title="bbox 507 3815 2092 3887">
     <span class='ocr_line' id='line_1_74' title="bbox 507 3815 2092 3887; baseline 0.003 -17"><span class='ocrx_word' id='word_1_496' title='bbox 507 3816 680 3870; x_wconf 85' lang='lat' dir='ltr'><strong>tizato</strong></span> <span class='ocrx_word' id='word_1_497' title='bbox 704 3815 797 3885; x_wconf 76' lang='grc'><strong>³⁷⁸,</strong></span> <span class='ocrx_word' id='word_1_498' title='bbox 821 3816 1100 3887; x_wconf 86' lang='lat' dir='ltr'><strong>profectus</strong></span> <span class='ocrx_word' id='word_1_499' title='bbox 1135 3828 1239 3883; x_wconf 86' lang='lat' dir='ltr'><strong>est,</strong></span> <span class='ocrx_word' id='word_1_500' title='bbox 1278 3828 1360 3874; x_wconf 89' lang='lat' dir='ltr'><strong>set</strong></span> <span class='ocrx_word' id='word_1_501' title='bbox 1398 3818 1575 3874; x_wconf 86' lang='lat' dir='ltr'><strong>inacte</strong></span> <span class='ocrx_word' id='word_1_502' title='bbox 1597 3819 1668 3852; x_wconf 77' lang='grc'><strong>³⁷³</strong></span> <span class='ocrx_word' id='word_1_503' title='bbox 1695 3834 1948 3876; x_wconf 86' lang='lat' dir='ltr'><strong>reversus</strong></span> <span class='ocrx_word' id='word_1_504' title='bbox 1989 3830 2092 3878; x_wconf 87' lang='lat' dir='ltr'><strong>est.</strong></span> 
     </span>
    </p>
   </div>
   <div class='ocr_carea' id='block_1_75' title="bbox 509 3905 2096 3982">
    <p class='ocr_par' dir='ltr' id='par_1_75' title="bbox 509 3905 2096 3982">
     <span class='ocr_line' id='line_1_75' title="bbox 509 3905 2096 3982; baseline 0.005 -21"><span class='ocrx_word' id='word_1_505' title='bbox 509 3905 715 3963; x_wconf 86' lang='lat' dir='ltr'><strong>Eodem</strong></span> <span class='ocrx_word' id='word_1_506' title='bbox 744 3916 989 3979; x_wconf 88' lang='lat' dir='ltr'><strong>tempore</strong></span> <span class='ocrx_word' id='word_1_507' title='bbox 1016 3910 1290 3980; x_wconf 77' lang='lat' dir='ltr'><strong>principes</strong></span> <span class='ocrx_word' id='word_1_508' title='bbox 1319 3911 1468 3982; x_wconf 87' lang='lat' dir='ltr'><strong>regni</strong></span> <span class='ocrx_word' id='word_1_509' title='bbox 1498 3910 1949 3980; x_wconf 88' lang='lat' dir='ltr'><strong>Teutonicorum,</strong></span> <span class='ocrx_word' id='word_1_510' title='bbox 1986 3913 2096 3969; x_wconf 90' lang='lat' dir='ltr'><strong>sci-</strong></span> 
     </span>
    </p>
   </div>
   <div class='ocr_carea' id='block_1_76' title="bbox 2196 3714 3773 3796">
    <p class='ocr_par' dir='ltr' id='par_1_76' title="bbox 2196 3714 3773 3796">
     <span class='ocr_line' id='line_1_76' title="bbox 2196 3714 3773 3796; baseline -0.012 -8"><span class='ocrx_word' id='word_1_511' title='bbox 2196 3746 2389 3788; x_wconf 90' lang='lat' dir='ltr'><strong>manos</strong></span> <span class='ocrx_word' id='word_1_512' title='bbox 2410 3727 2691 3792; x_wconf 89' lang='lat' dir='ltr'><strong>derelicto,</strong></span> <span class='ocrx_word' id='word_1_513' title='bbox 2719 3725 2834 3796; x_wconf 87' lang='lat' dir='ltr'><strong>ipse</strong></span> <span class='ocrx_word' id='word_1_514' title='bbox 2860 3722 3296 3794; x_wconf 86' lang='lat' dir='ltr'><strong>Longobardiam</strong></span> <span class='ocrx_word' id='word_1_515' title='bbox 3329 3719 3650 3775; x_wconf 87' lang='lat' dir='ltr'><strong>revertitur.</strong></span> <span class='ocrx_word' id='word_1_516' title='bbox 3678 3714 3773 3769; x_wconf 78' lang='lat' dir='ltr'><strong>He-</strong></span> 
     </span>
    </p>
   </div>
   <div class='ocr_carea' id='block_1_77' title="bbox 2196 3808 3776 3878">
    <p class='ocr_par' dir='ltr' id='par_1_77' title="bbox 2196 3808 3776 3878">
     <span class='ocr_line' id='line_1_77' title="bbox 2196 3808 3776 3878; baseline -0.01 -1"><span class='ocrx_word' id='word_1_517' title='bbox 2196 3835 2494 3878; x_wconf 84' lang='lat' dir='ltr'><strong>remannus</strong></span> <span class='ocrx_word' id='word_1_518' title='bbox 2533 3827 2713 3874; x_wconf 90' lang='lat' dir='ltr'><strong>autem</strong></span> <span class='ocrx_word' id='word_1_519' title='bbox 2761 3833 2854 3872; x_wconf 89' lang='lat' dir='ltr'><strong>rex</strong></span> <span class='ocrx_word' id='word_1_520' title='bbox 2886 3816 3116 3871; x_wconf 92' lang='lat' dir='ltr'><strong>multum</strong></span> <span class='ocrx_word' id='word_1_521' title='bbox 3151 3815 3218 3868; x_wconf 90' lang='lat' dir='ltr'><strong>de</strong></span> <span class='ocrx_word' id='word_1_522' title='bbox 3259 3811 3594 3868; x_wconf 86' lang='lat' dir='ltr'><strong>adversitate</strong></span> <span class='ocrx_word' id='word_1_523' title='bbox 3640 3808 3776 3863; x_wconf 77' lang='lat' dir='ltr'><strong>sedis</strong></span> 
     </span>
    </p>
   </div>
   <div class='ocr_carea' id='block_1_78' title="bbox 2200 3899 3774 3987">
    <p class='ocr_par' dir='ltr' id='par_1_78' title="bbox 2200 3899 3774 3987">
     <span class='ocr_line' id='line_1_78' title="bbox 2200 3899 3774 3987; baseline -0.013 -16"><span class='ocrx_word' id='word_1_524' title='bbox 2200 3913 2513 3987; x_wconf 62' lang='lat' dir='ltr'><strong>apostolicae</strong></span> <span class='ocrx_word' id='word_1_525' title='bbox 2542 3910 2754 3977; x_wconf 87' lang='lat' dir='ltr'><strong>dolens,</strong></span> <span class='ocrx_word' id='word_1_526' title='bbox 2791 3923 3019 3979; x_wconf 89' lang='lat' dir='ltr'><strong>eamque</strong></span> <span class='ocrx_word' id='word_1_527' title='bbox 3047 3907 3114 3962; x_wconf 91' lang='lat' dir='ltr'><strong>de</strong></span> <span class='ocrx_word' id='word_1_528' title='bbox 3154 3905 3409 3961; x_wconf 88' lang='lat' dir='ltr'><strong>manibus</strong></span> <span class='ocrx_word' id='word_1_529' title='bbox 3443 3900 3686 3957; x_wconf 86' lang='lat' dir='ltr'><strong>lleinriei</strong></span> <span class='ocrx_word' id='word_1_530' title='bbox 3714 3899 3774 3952; x_wconf 83' lang='lat' dir='ltr'><strong>li—</strong></span> 
     </span>
    </p>
   </div>
   <div class='ocr_carea' id='block_1_79' title="bbox 512 3992 3775 4074">
    <p class='ocr_par' dir='ltr' id='par_1_79' title="bbox 512 3992 3775 4074">
     <span class='ocr_line' id='line_1_79' title="bbox 512 3992 3775 4074; baseline -0.002 -21"><span class='ocrx_word' id='word_1_531' title='bbox 512 3999 642 4053; x_wconf 82' lang='lat' dir='ltr'><strong>licet</strong></span> <span class='ocrx_word' id='word_1_532' title='bbox 671 3999 1089 4072; x_wconf 88' lang='lat' dir='ltr'><strong>archiepiscopi,</strong></span> <span class='ocrx_word' id='word_1_533' title='bbox 1121 4003 1386 4072; x_wconf 89' lang='lat' dir='ltr'><strong>episcopi,</strong></span> <span class='ocrx_word' id='word_1_534' title='bbox 1436 4004 1625 4069; x_wconf 89' lang='lat' dir='ltr'><strong>duces,</strong></span> <span class='ocrx_word' id='word_1_535' title='bbox 1664 4004 2012 4060; x_wconf 88' lang='lat' dir='ltr'><strong>marehiones</strong></span> <span class='ocrx_word' id='word_1_536' title='bbox 2046 4013 2101 4059; x_wconf 86' lang='lat' dir='ltr'><strong>et</strong></span> <span class='ocrx_word' id='word_1_537' title='bbox 2200 4007 2393 4062; x_wconf 88' lang='lat' dir='ltr'><strong>berare</strong></span> <span class='ocrx_word' id='word_1_538' title='bbox 2419 4004 2630 4069; x_wconf 90' lang='lat' dir='ltr'><strong>volens,</strong></span> <span class='ocrx_word' id='word_1_539' title='bbox 2657 4000 3056 4074; x_wconf 80' lang='lat' dir='ltr'><strong>expeditionem</strong></span> <span class='ocrx_word' id='word_1_540' title='bbox 3095 3998 3151 4053; x_wconf 92' lang='lat' dir='ltr'><strong>in</strong></span> <span class='ocrx_word' id='word_1_541' title='bbox 3180 3997 3393 4053; x_wconf 88' lang='lat' dir='ltr'><strong>Italiam</strong></span> <span class='ocrx_word' id='word_1_542' title='bbox 3434 3994 3654 4066; x_wconf 86' lang='lat' dir='ltr'><strong>paravit</strong></span> <span class='ocrx_word' id='word_1_543' title='bbox 3692 3992 3775 4057; x_wconf 67' lang='grc' dir='ltr'><strong>π’,</strong></span> 
     </span>
    </p>
   </div>
   <div class='ocr_carea' id='block_1_80' title="bbox 516 4091 2099 4159">
    <p class='ocr_par' dir='ltr' id='par_1_80' title="bbox 516 4091 2099 4159">
     <span class='ocr_line' id='line_1_80' title="bbox 516 4091 2099 4159; baseline 0.003 -13"><span class='ocrx_word' id='word_1_544' title='bbox 516 4091 766 4157; x_wconf 87' lang='lat' dir='ltr'><strong>comites,</strong></span> <span class='ocrx_word' id='word_1_545' title='bbox 803 4103 1075 4149; x_wconf 90' lang='lat' dir='ltr'><strong>conventu</strong></span> <span class='ocrx_word' id='word_1_546' title='bbox 1107 4094 1271 4159; x_wconf 85' lang='lat' dir='ltr'><strong>facto,</strong></span> <span class='ocrx_word' id='word_1_547' title='bbox 1308 4093 1715 4150; x_wconf 89' lang='lat' dir='ltr'><strong>Ileremannum</strong></span> <span class='ocrx_word' id='word_1_548' title='bbox 1755 4096 1994 4151; x_wconf 90' lang='lat' dir='ltr'><strong>nobilem</strong></span> <span class='ocrx_word' id='word_1_549' title='bbox 2017 4096 2099 4151; x_wconf 86' lang='lat' dir='ltr'><strong>vi—</strong></span> 
     </span>
    </p>
   </div>
   <div class='ocr_carea' id='block_1_81' title="bbox 514 4184 2101 4258">
    <p class='ocr_par' dir='ltr' id='par_1_81' title="bbox 514 4184 2101 4258">
     <span class='ocr_line' id='line_1_81' title="bbox 514 4184 2101 4258; baseline 0.003 -21"><span class='ocrx_word' id='word_1_550' title='bbox 514 4199 640 4238; x_wconf 87' lang='lat' dir='ltr'><strong>rum</strong></span> <span class='ocrx_word' id='word_1_551' title='bbox 668 4184 770 4241; x_wconf 85' lang='lat' dir='ltr'><strong>sibi</strong></span> <span class='ocrx_word' id='word_1_552' title='bbox 804 4185 858 4239; x_wconf 92' lang='lat' dir='ltr'><strong>in</strong></span> <span class='ocrx_word' id='word_1_553' title='bbox 894 4200 1077 4256; x_wconf 86' lang='lat' dir='ltr'><strong>regem</strong></span> <span class='ocrx_word' id='word_1_554' title='bbox 1116 4187 1431 4258; x_wconf 84' lang='lat' dir='ltr'><strong>elegerunt;</strong></span> <span class='ocrx_word' id='word_1_555' title='bbox 1470 4187 1564 4258; x_wconf 92' lang='lat' dir='ltr'><strong>qui</strong></span> <span class='ocrx_word' id='word_1_556' title='bbox 1594 4187 1777 4247; x_wconf 86' lang='lat' dir='ltr'><strong>statim</strong></span> <span class='ocrx_word' id='word_1_557' title='bbox 1814 4189 1882 4244; x_wconf 84' lang='lat' dir='ltr'><strong>de</strong></span> <span class='ocrx_word' id='word_1_558' title='bbox 1910 4188 2101 4244; x_wconf 84' lang='lat' dir='ltr'><strong>eodem</strong></span> 
     </span>
    </p>
   </div>
   <div class='ocr_carea' id='block_1_82' title="bbox 516 4277 2101 4335">
    <p class='ocr_par' dir='ltr' id='par_1_82' title="bbox 516 4277 2101 4335">
     <span class='ocr_line' id='line_1_82' title="bbox 516 4277 2101 4335; baseline 0.003 -6"><span class='ocrx_word' id='word_1_559' title='bbox 516 4285 787 4330; x_wconf 88' lang='lat' dir='ltr'><strong>conventu</strong></span> <span class='ocrx_word' id='word_1_560' title='bbox 830 4277 1004 4333; x_wconf 85' lang='lat' dir='ltr'><strong>aciem</strong></span> <span class='ocrx_word' id='word_1_561' title='bbox 1055 4286 1245 4333; x_wconf 89' lang='lat' dir='ltr'><strong>contra</strong></span> <span class='ocrx_word' id='word_1_562' title='bbox 1300 4277 1541 4335; x_wconf 87' lang='lat' dir='ltr'><strong>fautores</strong></span> <span class='ocrx_word' id='word_1_563' title='bbox 1592 4278 1833 4334; x_wconf 85' lang='lat' dir='ltr'><strong>lleinrici</strong></span> <span class='ocrx_word' id='word_1_564' title='bbox 1884 4279 2101 4334; x_wconf 78' lang='lat' dir='ltr'><strong>direxit.</strong></span> 
     </span>
    </p>
   </div>
   <div class='ocr_carea' id='block_1_83' title="bbox 518 4365 2105 4441">
    <p class='ocr_par' dir='ltr' id='par_1_83' title="bbox 518 4365 2105 4441">
     <span class='ocr_line' id='line_1_83' title="bbox 518 4365 2105 4441; baseline 0.004 -22"><span class='ocrx_word' id='word_1_565' title='bbox 518 4365 625 4437; x_wconf 90' lang='lat' dir='ltr'><strong>Ipsi</strong></span> <span class='ocrx_word' id='word_1_566' title='bbox 655 4368 800 4423; x_wconf 90' lang='lat' dir='ltr'><strong>enim</strong></span> <span class='ocrx_word' id='word_1_567' title='bbox 835 4369 1155 4424; x_wconf 87' lang='lat' dir='ltr'><strong>electionem</strong></span> <span class='ocrx_word' id='word_1_568' title='bbox 1182 4370 1301 4440; x_wconf 88' lang='lat' dir='ltr'><strong>ejus</strong></span> <span class='ocrx_word' id='word_1_569' title='bbox 1329 4371 1593 4441; x_wconf 91' lang='lat' dir='ltr'><strong>impedire</strong></span> <span class='ocrx_word' id='word_1_570' title='bbox 1624 4372 1890 4438; x_wconf 85' lang='lat' dir='ltr'><strong>volentes,</strong></span> <span class='ocrx_word' id='word_1_571' title='bbox 1914 4372 2105 4427; x_wconf 89' lang='lat' dir='ltr'><strong>eodem</strong></span> 
     </span>
    </p>
   </div>
   <div class='ocr_carea' id='block_1_84' title="bbox 2201 4088 3358 4153">
    <p class='ocr_par' dir='ltr' id='par_1_84' title="bbox 2201 4088 3358 4153">
     <span class='ocr_line' id='line_1_84' title="bbox 2201 4088 3358 4153; baseline -0.009 0"><span class='ocrx_word' id='word_1_572' title='bbox 2201 4097 2346 4153; x_wconf 89' lang='lat' dir='ltr'><strong>unde</strong></span> <span class='ocrx_word' id='word_1_573' title='bbox 2374 4106 2429 4151; x_wconf 88' lang='lat' dir='ltr'><strong>et</strong></span> <span class='ocrx_word' id='word_1_574' title='bbox 2452 4096 2518 4153; x_wconf 92' lang='lat' dir='ltr'><strong>de</strong></span> <span class='ocrx_word' id='word_1_575' title='bbox 2550 4093 2789 4152; x_wconf 80' lang='lat' dir='ltr'><strong>Saxonia</strong></span> <span class='ocrx_word' id='word_1_576' title='bbox 2812 4093 2867 4147; x_wconf 90' lang='lat' dir='ltr'><strong>in</strong></span> <span class='ocrx_word' id='word_1_577' title='bbox 2906 4088 3161 4146; x_wconf 89' lang='lat' dir='ltr'><strong>Sueviam</strong></span> <span class='ocrx_word' id='word_1_578' title='bbox 3191 4090 3358 4146; x_wconf 83' lang='lat' dir='ltr'><strong>venit.</strong></span> 
     </span>
    </p>
   </div>
   <div class='ocr_carea' id='block_1_85' title="bbox 2829 4181 3167 4239">
    <p class='ocr_par' dir='ltr' id='par_1_85' title="bbox 2829 4181 3167 4239">
     <span class='ocr_line' id='line_1_85' title="bbox 2829 4181 3167 4239; baseline -0.009 0"><span class='ocrx_word' id='word_1_579' title='bbox 2829 4181 3167 4239; x_wconf 81' lang='lat' dir='ltr'><strong>MLXXXIII.</strong></span> 
     </span>
    </p>
   </div>
   <div class='ocr_carea' id='block_1_86' title="bbox 2276 4268 3778 4337">
    <p class='ocr_par' dir='ltr' id='par_1_86' title="bbox 2276 4268 3778 4337">
     <span class='ocr_line' id='line_1_86' title="bbox 2276 4268 3778 4337; baseline -0.01 -2"><span class='ocrx_word' id='word_1_580' title='bbox 2276 4270 2651 4337; x_wconf 77' lang='lat' dir='ltr'><strong>Hereinannus</strong></span> <span class='ocrx_word' id='word_1_581' title='bbox 2688 4294 2782 4334; x_wconf 91' lang='lat' dir='ltr'><strong>rex</strong></span> <span class='ocrx_word' id='word_1_582' title='bbox 2810 4276 3048 4333; x_wconf 87' lang='lat' dir='ltr'><strong>natalem</strong></span> <span class='ocrx_word' id='word_1_583' title='bbox 3083 4272 3300 4330; x_wconf 91' lang='lat' dir='ltr'><strong>Domini</strong></span> <span class='ocrx_word' id='word_1_584' title='bbox 3344 4272 3400 4327; x_wconf 91' lang='lat' dir='ltr'><strong>in</strong></span> <span class='ocrx_word' id='word_1_585' title='bbox 3432 4268 3635 4326; x_wconf 82' lang='lat' dir='ltr'><strong>Suevia</strong></span> <span class='ocrx_word' id='word_1_586' title='bbox 3664 4283 3778 4325; x_wconf 86' lang='lat' dir='ltr'><strong>cum</strong></span> 
     </span>
    </p>
   </div>
   <div class='ocr_carea' id='block_1_87' title="bbox 2208 4361 3783 4446">
    <p class='ocr_par' dir='ltr' id='par_1_87' title="bbox 2208 4361 3783 4446">
     <span class='ocr_line' id='line_1_87' title="bbox 2208 4361 3783 4446; baseline -0.01 -16"><span class='ocrx_word' id='word_1_587' title='bbox 2208 4372 2544 4446; x_wconf 89' lang='lat' dir='ltr'><strong>principibus</strong></span> <span class='ocrx_word' id='word_1_588' title='bbox 2585 4371 2740 4443; x_wconf 86' lang='lat' dir='ltr'><strong>regni</strong></span> <span class='ocrx_word' id='word_1_589' title='bbox 2773 4371 2906 4427; x_wconf 85' lang='lat' dir='ltr'><strong>satis</strong></span> <span class='ocrx_word' id='word_1_590' title='bbox 2952 4367 3251 4424; x_wconf 79' lang='lat' dir='ltr'><strong>honoriﬁce</strong></span> <span class='ocrx_word' id='word_1_591' title='bbox 3292 4363 3611 4421; x_wconf 82' lang='lat' dir='ltr'><strong>celebravit.</strong></span> <span class='ocrx_word' id='word_1_592' title='bbox 3665 4361 3783 4415; x_wconf 84' lang='lat' dir='ltr'><strong>Inde</strong></span> 
     </span>
    </p>
   </div>
   <div class='ocr_carea' id='block_1_88' title="bbox 519 4455 3782 4539">
    <p class='ocr_par' dir='ltr' id='par_1_88' title="bbox 519 4455 3782 4539">
     <span class='ocr_line' id='line_1_88' title="bbox 519 4455 3782 4539; baseline 0.001 -26"><span class='ocrx_word' id='word_1_593' title='bbox 519 4467 765 4530; x_wconf 89' lang='lat' dir='ltr'><strong>tempore</strong></span> <span class='ocrx_word' id='word_1_594' title='bbox 796 4463 1092 4517; x_wconf 81' lang='lat' dir='ltr'><strong>maximam</strong></span> <span class='ocrx_word' id='word_1_595' title='bbox 1134 4463 1541 4518; x_wconf 86' lang='lat' dir='ltr'><strong>multitudinem.</strong></span> <span class='ocrx_word' id='word_1_596' title='bbox 1577 4473 1997 4529; x_wconf 84' lang='lat' dir='ltr'><strong>contraxerunt;</strong></span> <span class='ocrx_word' id='word_1_597' title='bbox 2027 4473 2109 4519; x_wconf 88' lang='lat' dir='ltr'><strong>set</strong></span> <span class='ocrx_word' id='word_1_598' title='bbox 2141 4484 2184 4539; x_wconf 72' lang='grc' dir='ltr'><strong>Ι)</strong></span> <span class='ocrx_word' id='word_1_599' title='bbox 2209 4482 2334 4522; x_wconf 90' lang='lat' dir='ltr'><strong>cum</strong></span> <span class='ocrx_word' id='word_1_600' title='bbox 2359 4464 2659 4521; x_wconf 85' lang='lat' dir='ltr'><strong>exercitum</strong></span> <span class='ocrx_word' id='word_1_601' title='bbox 2701 4463 2757 4517; x_wconf 88' lang='lat' dir='ltr'><strong>in</strong></span> <span class='ocrx_word' id='word_1_602' title='bbox 2797 4459 3235 4533; x_wconf 86' lang='lat' dir='ltr'><strong>Longobardiam</strong></span> <span class='ocrx_word' id='word_1_603' title='bbox 3259 4472 3586 4530; x_wconf 85' lang='lat' dir='ltr'><strong>promovere</strong></span> <span class='ocrx_word' id='word_1_604' title='bbox 3613 4455 3782 4515; x_wconf 61' lang='lat' dir='ltr'><strong>vellet.</strong></span> 
     </span>
    </p>
   </div>
   <div class='ocr_carea' id='block_1_89' title="bbox 480 4547 3782 4626">
    <p class='ocr_par' dir='ltr' id='par_1_89' title="bbox 480 4547 3782 4626">
     <span class='ocr_line' id='line_1_89' title="bbox 480 4547 3782 4626; baseline -0.001 -23"><span class='ocrx_word' id='word_1_605' title='bbox 480 4592 491 4603; x_wconf 94' lang='lat'><strong>.</strong></span> <span class='ocrx_word' id='word_1_606' title='bbox 522 4566 667 4606; x_wconf 88' lang='lat' dir='ltr'><strong>novo</strong></span> <span class='ocrx_word' id='word_1_607' title='bbox 694 4568 818 4623; x_wconf 85' lang='lat' dir='ltr'><strong>rege</strong></span> <span class='ocrx_word' id='word_1_608' title='bbox 846 4568 912 4608; x_wconf 92' lang='lat' dir='ltr'><strong>ex</strong></span> <span class='ocrx_word' id='word_1_609' title='bbox 937 4554 1235 4624; x_wconf 89' lang='lat' dir='ltr'><strong>improviso</strong></span> <span class='ocrx_word' id='word_1_610' title='bbox 1262 4554 1522 4620; x_wconf 86' lang='lat' dir='ltr'><strong>irruente,</strong></span> <span class='ocrx_word' id='word_1_611' title='bbox 1561 4570 1753 4611; x_wconf 92' lang='lat' dir='ltr'><strong>omnes</strong></span> <span class='ocrx_word' id='word_1_612' title='bbox 1774 4556 1992 4626; x_wconf 89' lang='lat' dir='ltr'><strong>penitus</strong></span> <span class='ocrx_word' id='word_1_613' title='bbox 2015 4565 2110 4610; x_wconf 88' lang='lat' dir='ltr'><strong>aut</strong></span> <span class='ocrx_word' id='word_1_614' title='bbox 2211 4558 2444 4614; x_wconf 91' lang='lat' dir='ltr'><strong>molesta</strong></span> <span class='ocrx_word' id='word_1_615' title='bbox 2466 4556 2568 4612; x_wconf 92' lang='lat' dir='ltr'><strong>sibi</strong></span> <span class='ocrx_word' id='word_1_616' title='bbox 2600 4555 2799 4626; x_wconf 90' lang='lat' dir='ltr'><strong>legatio</strong></span> <span class='ocrx_word' id='word_1_617' title='bbox 2823 4554 2891 4610; x_wconf 90' lang='lat' dir='ltr'><strong>de</strong></span> <span class='ocrx_word' id='word_1_618' title='bbox 2913 4552 3150 4608; x_wconf 78' lang='lat' dir='ltr'><strong>Saxonia</strong></span> <span class='ocrx_word' id='word_1_619' title='bbox 3182 4551 3367 4620; x_wconf 87' lang='lat' dir='ltr'><strong>venit;</strong></span> <span class='ocrx_word' id='word_1_620' title='bbox 3401 4550 3606 4621; x_wconf 87' lang='lat' dir='ltr'><strong>quippe</strong></span> <span class='ocrx_word' id='word_1_621' title='bbox 3648 4547 3782 4618; x_wconf 85' lang='lat' dir='ltr'><strong>quod</strong></span> 
     </span>
    </p>
   </div>
   <div class='ocr_carea' id='block_1_90' title="bbox 523 4639 3784 4721">
    <p class='ocr_par' dir='ltr' id='par_1_90' title="bbox 523 4639 3784 4721">
     <span class='ocr_line' id='line_1_90' title="bbox 523 4639 3784 4721; baseline -0.001 -24"><span class='ocrx_word' id='word_1_622' title='bbox 523 4643 655 4699; x_wconf 87' lang='lat' dir='ltr'><strong>cede</strong></span> <span class='ocrx_word' id='word_1_623' title='bbox 689 4645 951 4716; x_wconf 88' lang='lat' dir='ltr'><strong>prostrati</strong></span> <span class='ocrx_word' id='word_1_624' title='bbox 978 4655 1127 4711; x_wconf 88' lang='lat' dir='ltr'><strong>sunt,</strong></span> <span class='ocrx_word' id='word_1_625' title='bbox 1159 4656 1256 4701; x_wconf 88' lang='lat' dir='ltr'><strong>aut</strong></span> <span class='ocrx_word' id='word_1_626' title='bbox 1295 4647 1733 4703; x_wconf 85' lang='lat' dir='ltr'><strong>inrevocabiliter</strong></span> <span class='ocrx_word' id='word_1_627' title='bbox 1759 4647 1952 4719; x_wconf 86' lang='lat' dir='ltr'><strong>fugati,</strong></span> <span class='ocrx_word' id='word_1_628' title='bbox 1984 4648 2110 4703; x_wconf 89' lang='lat' dir='ltr'><strong>licet</strong></span> <span class='ocrx_word' id='word_1_629' title='bbox 2210 4649 2341 4706; x_wconf 88' lang='lat' dir='ltr'><strong>Otto</strong></span> <span class='ocrx_word' id='word_1_630' title='bbox 2384 4650 2495 4704; x_wconf 84' lang='lat' dir='ltr'><strong>dux</strong></span> <span class='ocrx_word' id='word_1_631' title='bbox 2539 4647 3001 4721; x_wconf 89' lang='lat' dir='ltr'><strong>prudentissimus</strong></span> <span class='ocrx_word' id='word_1_632' title='bbox 3052 4645 3209 4700; x_wconf 86' lang='lat' dir='ltr'><strong>miles</strong></span> <span class='ocrx_word' id='word_1_633' title='bbox 3255 4643 3475 4709; x_wconf 88' lang='lat' dir='ltr'><strong>obierit,</strong></span> <span class='ocrx_word' id='word_1_634' title='bbox 3529 4656 3694 4713; x_wconf 88' lang='lat' dir='ltr'><strong>quem</strong></span> <span class='ocrx_word' id='word_1_635' title='bbox 3736 4639 3784 4690; x_wconf 84' lang='lat' dir='ltr'><strong>in</strong></span> 
     </span>
    </p>
   </div>
   <div class='ocr_carea' id='block_1_91' title="bbox 525 4740 2111 4815">
    <p class='ocr_par' dir='ltr' id='par_1_91' title="bbox 525 4740 2111 4815">
     <span class='ocr_line' id='line_1_91' title="bbox 525 4740 2111 4815; baseline 0.005 -24"><span class='ocrx_word' id='word_1_636' title='bbox 525 4740 690 4810; x_wconf 83' lang='lat' dir='ltr'><strong>regiis</strong></span> <span class='ocrx_word' id='word_1_637' title='bbox 722 4741 986 4798; x_wconf 89' lang='lat' dir='ltr'><strong>militibus</strong></span> <span class='ocrx_word' id='word_1_638' title='bbox 1021 4756 1080 4796; x_wconf 88' lang='lat' dir='ltr'><strong>se</strong></span> <span class='ocrx_word' id='word_1_639' title='bbox 1124 4741 1537 4812; x_wconf 89' lang='lat' dir='ltr'><strong>insequentibus</strong></span> <span class='ocrx_word' id='word_1_640' title='bbox 1562 4758 1670 4797; x_wconf 92' lang='lat' dir='ltr'><strong>non</strong></span> <span class='ocrx_word' id='word_1_641' title='bbox 1696 4758 1864 4814; x_wconf 90' lang='lat' dir='ltr'><strong>parvo</strong></span> <span class='ocrx_word' id='word_1_642' title='bbox 1882 4753 2111 4815; x_wconf 71' lang='lat' dir='ltr'><strong>praesta—</strong></span> 
     </span>
    </p>
   </div>
   <div class='ocr_carea' id='block_1_92' title="bbox 2213 4730 3786 4814">
    <p class='ocr_par' dir='ltr' id='par_1_92' title="bbox 2213 4730 3786 4814">
     <span class='ocr_line' id='line_1_92' title="bbox 2213 4730 3786 4814; baseline -0.01 -15"><span class='ocrx_word' id='word_1_643' title='bbox 2213 4741 2451 4799; x_wconf 79' lang='lat' dir='ltr'><strong>Saxonia</strong></span> <span class='ocrx_word' id='word_1_644' title='bbox 2488 4757 2587 4814; x_wconf 91' lang='lat' dir='ltr'><strong>pro</strong></span> <span class='ocrx_word' id='word_1_645' title='bbox 2611 4742 2789 4812; x_wconf 87' lang='lat' dir='ltr'><strong>capite</strong></span> <span class='ocrx_word' id='word_1_646' title='bbox 2812 4740 2883 4773; x_wconf 79' lang='grc'><strong>³⁷⁸</strong></span> <span class='ocrx_word' id='word_1_647' title='bbox 2917 4738 3163 4794; x_wconf 90' lang='lat' dir='ltr'><strong>omnium</strong></span> <span class='ocrx_word' id='word_1_648' title='bbox 3185 4752 3409 4793; x_wconf 89' lang='lat' dir='ltr'><strong>suorum</strong></span> <span class='ocrx_word' id='word_1_649' title='bbox 3445 4734 3706 4805; x_wconf 84' lang='lat' dir='ltr'><strong>reliquit;</strong></span> <span class='ocrx_word' id='word_1_650' title='bbox 3736 4730 3786 4784; x_wconf 92' lang='lat' dir='ltr'><strong>iu</strong></span> 
     </span>
    </p>
   </div>
   <div class='ocr_carea' id='block_1_93' title="bbox 1804 4894 2488 4952">
    <p class='ocr_par' dir='ltr' id='par_1_93' title="bbox 1804 4894 2488 4952">
     <span class='ocr_line' id='line_1_93' title="bbox 1804 4894 2488 4952; baseline -0.003 -1"><span class='ocrx_word' id='word_1_651' title='bbox 1804 4896 2038 4952; x_wconf 70' lang='lat' dir='ltr'><strong>VARUE</strong></span> <span class='ocrx_word' id='word_1_652' title='bbox 2085 4894 2488 4951; x_wconf 80' lang='lat' dir='ltr'><strong>LECTIONES.</strong></span> 
     </span>
    </p>
   </div>
   <div class='ocr_carea' id='block_1_94' title="bbox 563 5007 3788 5092">
    <p class='ocr_par' dir='ltr' id='par_1_94' title="bbox 563 5007 3788 5092">
     <span class='ocr_line' id='line_1_94' title="bbox 563 5007 3788 5092; baseline 0 -32"><span class='ocrx_word' id='word_1_653' title='bbox 563 5079 576 5090; x_wconf 42' lang='lat'><strong>.</strong></span> <span class='ocrx_word' id='word_1_654' title='bbox 603 5007 672 5039; x_wconf 73' lang='grc'><strong>³⁸⁸</strong></span> <span class='ocrx_word' id='word_1_655' title='bbox 702 5020 1051 5092; x_wconf 78' lang='lat' dir='ltr'><strong>ravennatem</strong></span> <span class='ocrx_word' id='word_1_656' title='bbox 1077 5028 1239 5082; x_wconf 80' lang='lat' dir='ltr'><strong>usque</strong></span> <span class='ocrx_word' id='word_1_657' title='bbox 1266 5014 1404 5092; x_wconf 80' lang='lat' dir='ltr'><strong>depo</strong></span> <span class='ocrx_word' id='word_1_658' title='bbox 1434 5015 1496 5092; x_wconf 35' lang='lat' dir='ltr'><strong>in.</strong></span> <span class='ocrx_word' id='word_1_659' title='bbox 1514 5013 1630 5092; x_wconf 74' lang='lat' dir='ltr'><strong>loco</strong></span> <span class='ocrx_word' id='word_1_660' title='bbox 1660 5029 1801 5092; x_wconf 60' lang='lat' dir='ltr'><strong>raso,</strong></span> <span class='ocrx_word' id='word_1_661' title='bbox 1824 5013 1999 5092; x_wconf 75' lang='lat' dir='ltr'><strong>situm</strong></span> <span class='ocrx_word' id='word_1_662' title='bbox 2031 5026 2192 5092; x_wconf 49' lang='lat' dir='ltr'><strong>usque</strong></span> <span class='ocrx_word' id='word_1_663' title='bbox 2218 5010 2460 5092; x_wconf 59' lang='lat' dir='ltr'><strong>elegitin</strong></span> <span class='ocrx_word' id='word_1_664' title='bbox 2492 5011 2798 5092; x_wconf 44' lang='grc' dir='ltr'><strong>ηιιιιρηζίιιζ</strong></span> <span class='ocrx_word' id='word_1_665' title='bbox 2820 5012 3033 5092; x_wconf 38' lang='grc' dir='ltr'><strong>τηειρ-1.</strong></span> <span class='ocrx_word' id='word_1_666' title='bbox 3101 5012 3168 5043; x_wconf 70' lang='grc'>³⁸⁸</span> <span class='ocrx_word' id='word_1_667' title='bbox 3197 5010 3451 5092; x_wconf 32' lang='lat' dir='ltr'><strong>anmalit</strong></span> <span class='ocrx_word' id='word_1_668' title='bbox 3530 5009 3600 5040; x_wconf 81' lang='grc'><strong>³⁷⁸</strong></span> <span class='ocrx_word' id='word_1_669' title='bbox 3627 5008 3788 5062; x_wconf 83' lang='lat' dir='ltr'><strong>entis-</strong></span> 
     </span>
    </p>
   </div>
  </div>
