3996 5474
256 250 386 310 1581

1146 250 1434 306 APPEND.
1474 249 1560 304 ll].
1600 281 1672 290 —
1709 248 2144 305 MONUMENTA
2189 250 2656 311 GREGORIANA.

3395 253 3535 310 {382

256 374 416 445 cujus
445 372 599 427 obitu
624 370 927 425 maximum
954 367 1156 425 scisma
1193 369 1442 424 futurum
1483 384 1595 423 non
1630 368 1847 423 dubita-
1876 370 1921 423 Δ
1948 369 2189 425 tentibus
2233 370 2582 426 securitatem
2638 370 2953 441 juramento
3005 368 3335 440 promiserit.
3379 369 3535 426 Unde

256 475 340 521 ret
370 465 461 530 "’,
494 463 599 518 nisi
627 461 941 533 hujusmodi
962 461 1162 518 scisma
1188 461 1489 531 anticipare
1521 468 1838 515 maturaret.

259 555 371 612 Hac
395 555 562 626 igitur
587 555 927 618 necessitate,
953 553 1256 623 postposita
1277 552 1640 622 expeditione,
1667 550 1843 606 Saxo-

258 649 405 704 niam
435 647 755 702 festinanter
783 646 959 701 redire
985 645 1346 715 compellitur.
1396 643 1596 700 lterum
1625 642 1843 698 Heinri-

259 757 358 796 cus
380 755 505 794 cum
532 738 879 793 multitudine
903 737 1342 792 scismaticorum
1367 737 1481 792 sive
1520 751 1843 790 excommu-

260 832 568 889 nicatorum
591 838 715 885 ante
736 837 1084 899 pentecosten
1103 827 1332 883 Romam
1347 827 1844 899 impugnaturns”0

258 923 593 994 aggreditur,
624 930 678 976 et
706 922 930 976 domum
960 919 1146 974 Sancti
1174 919 1317 974 Petri
1352 919 1407 974 in
1447 920 1675 975 sabbato
1705 912 1845 974 infra

262 1015 622 1085 epdomadam
658 1021 998 1083 pentecostes
1040 1018 1249 1067 armata
1299 1028 1465 1066 manu
1513 1011 1842 1082 aggreditur.

266 1105 464 1176 Sicque
494 1106 559 1136 ⁸⁸¹
587 1104 906 1160 Guibertum
931 1102 1321 1170 Ravennatem,
1348 1103 1651 1173 perjurum,
1678 1103 1846 1173 depo-

265 1198 432 1253 situm
473 1206 528 1252 et
568 1197 1109 1261 anathematizatum,
1144 1195 1288 1266 apud
1330 1196 1593 1251 Sanctum
1624 1193 1848 1250 Petrum

265 1288 634 1353 intronizavit,
664 1303 774 1343 non
804 1303 900 1357 per
940 1284 1269 1351 Ostiensem,
1305 1294 1358 1340 et
1388 1286 1774 1350 Albanensem,
1795 1293 1850 1339 et

265 1379 626 1435 Portuensem
653 1380 964 1450 episcopos,
1000 1378 1096 1448 qui
1122 1380 1228 1434 hoc
1257 1378 1597 1448 privilegium
1624 1362 1847 1445 habent,

268 1481 330 1526 ut
358 1487 554 1543 papam
585 1480 937 1539 consecrent;
982 1470 1077 1526 sed
1117 1485 1215 1541 per
1260 1469 1622 1524 Mutinensem
1654 1478 1709 1523 et
1728 1469 1850 1523 Ari-

269 1564 497 1619 tiensem
541 1564 610 1595 ³⁸²
650 1564 1030 1633 exepiscopos,
1069 1571 1254 1632 utpote
1288 1563 1401 1633 jam
1462 1562 1651 1618 multis
1691 1562 1851 1618 annis

267 1652 548 1722 depositos
582 1661 638 1707 et
685 1652 1203 1707 anathematizatos.
1253 1650 1448 1706 Statim
1487 1652 1651 1721 igitur
1692 1652 1849 1720 juxta

1942 468 1997 514 et
2025 460 2258 517 Romani
2301 464 2532 518 multum
2579 470 2769 519 contra
2822 461 3136 518 Heinricum
3188 478 3536 520 murmurare

1945 562 2225 622 ceperunt.
2258 554 2422 609 Erant
2452 563 2635 611 autem
2680 555 3078 625 religiosissimi
3106 555 3174 588 ³⁹⁰
3194 558 3450 612 monachi
3478 568 3533 613 et

1944 644 2151 711 clerici,
2183 661 2324 716 quos
2357 648 2413 703 in
2437 649 2691 718 captione
2727 647 2856 702 fecit
2876 648 3140 714 cruciari;
3174 664 3300 703 cum
3327 650 3532 719 quibus

1944 744 2000 791 et
2034 734 2289 793 Ottonem
2321 742 2691 796 venerandum
2741 738 3048 795 Ostiensem
3084 740 3401 810 episcopum
3432 756 3529 797 ca-

1944 828 2172 898 ptivavit
2198 830 2403 901 (1522),
2427 833 2678 888 videlicet
2700 833 2766 888 all
2796 833 2971 902 ipsum
3000 833 3068 887 ab
3093 833 3393 902 apostolica
3413 833 3539 889 sede

1946 920 2356 976 transmissum.
2381 923 2536 978 Multi
2564 935 2747 979 tamen
2789 942 2855 978 ex
2884 923 3239 997 Francigenis
3279 925 3348 981 ad
3387 924 3536 980 illam

1946 1011 2199 1067 sinodum
2244 1022 2357 1069 tam
2404 1015 2646 1086 episcopi
2692 1031 2858 1086 quam
2894 1016 3117 1071 abbates
3151 1023 3535 1085 pervenerunt.

1947 1103 2200 1160 Mcliores
2219 1115 2401 1161 autem
2434 1108 2676 1178 episcopi
2711 1106 2764 1161 'et
2801 1108 3004 1162 domno
3026 1108 3327 1177 apostolico
3360 1106 3539 1176 magis

1948 1197 2266 1263 necessarii,
2315 1197 2369 1252 id
2427 1208 2511 1253 est
2545 1198 2663 1267 Ugo
2705 1198 3104 1269 Lugdunensis,
3145 1198 3438 1254 Anselmus
3469 1199 3536 1229 ³⁹²

1949 1287 2235 1355 Lucensis,
2266 1288 2637 1361 Reginnaldus
2688 1291 2757 1322 ”’
2801 1289 3105 1356 Cumanus,
3155 1290 3463 1360 specialiter
3509 1306 3540 1344 a

1948 1377 2208 1433 Heinrico
2243 1380 2311 1434 ad
2367 1380 2625 1434 sinodum
2677 1380 2962 1449 pervenire
2990 1380 3060 1411 ³⁹³
3101 1380 3360 1449 prohibiti
3390 1391 3538 1435 sunt.

1951 1468 2197 1526 Domnus
2230 1480 2411 1525 tamen
2434 1487 2574 1541 papa
2613 1471 2870 1527 sinodum
2902 1471 3077 1525 tribus
3098 1471 3292 1526 diebus
3319 1473 3542 1527 sollem-

1950 1562 2096 1616 niter
2117 1562 2433 1629 celebravit,
2458 1571 2513 1617 et
2552 1578 2621 1617 ne
2668 1562 2986 1618 Heiuricum
3012 1563 3320 1633 specialiter
3343 1564 3544 1618 iterum

1953 1655 2464 1720 anathematizaret,
2496 1656 2585 1709 vix
2626 1671 2657 1710 a
2700 1655 2896 1710 sinodo
2931 1665 3210 1721 exoratus,
3243 1669 3436 1709 omnes
3459 1662 3545 1709 ta-

271 1743 534 1800 Sanctum
557 1743 777 1799 Petrum
801 1744 1073 1814 quendam
1096 1745 1478 1807 monticulum,
1505 1743 1725 1797 nomine
1747 1742 1853 1797 l’a-
1887 1731 1930 1785 Β
1955 1762 2079 1801 men
2102 1748 2616 1813 excommunicavit,
2649 1748 2986 1817 quicumque
3022 1747 3257 1817 aliquem
3283 1747 3351 1802 ad
3401 1745 3544 1801 San-

270 1838 537 1892 laccolum
569 1837 775 1908 (1320),
807 1837 1190 1903 incastellavit,
1214 1836 1374 1907 eique
1398 1836 1597 1891 milites
1629 1836 1851 1903 multos,

271 1938 332 1984 ut
376 1930 760 1999 impugnarent
810 1928 1110 1994 Romanos,
1154 1929 1437 1999 imposuit,
1487 1928 1583 1998 qui
1628 1928 1697 1959 ⁸⁸⁸³
1727 1943 1854 1983 eum

271 2020 712 2077 Transtiberinas
744 2021 994 2092 regiones
1040 2022 1193 2077 urbis
1245 2022 1395 2076 nullo
1444 2029 1602 2090 pacto
1651 2022 1857 2076 intrare

271 2114 673 2185 permittebant.
692 2112 846 2167 Multi
874 2122 1056 2169 tamen
1077 2113 1191 2183 jam
1214 2128 1282 2168 ex
1312 2112 1574 2168 Romanis
1599 2111 1856 2168 Heinrico

271 2214 686 2273 consenserant,
709 2206 907 2275 partim
940 2206 1123 2275 precio
1152 2205 1359 2285 inducti
1382 2205 1472 2272 ³⁸⁸,
1497 2207 1695 2275 partim
1723 2206 1858 2259 mul-

268 2297 342 2351 tis
371 2296 832 2367 promissionibus
874 2298 1105 2363 seducti,
1131 2312 1326 2352 omnes
1366 2304 1549 2351 autem
1576 2296 1858 2367 aequaliter

267 2389 382 2461 jam
413 2389 612 2443 trienni
643 2388 712 2421 ³⁸⁸
736 2389 1148 2459 impugnatione
1186 2389 1417 2443 nimium
1461 2389 1692 2459 fatigati.
1715 2388 1857 2455 Quid

271 2478 475 2549 plura?
498 2475 705 2534 Omnes
726 2494 865 2548 pene
887 2478 1122 2534 Romani
1152 2521 1167 2546 ,
1191 2488 1387 2549 prazter
1420 2480 1721 2549 principem
1752 2479 1855 2534 Sa-

272 2570 625 2636 lernitanum,
647 2569 752 2624 hoc
773 2586 898 2625 cum
927 2568 1184 2626 Heinrico
1213 2571 1592 2638 laudaverunt,
1621 2580 1681 2625 ut
1714 2587 1853 2641 papa

272 2660 570 2731 Gregorius
631 2662 884 2717 sinodum
930 2662 987 2716 in
1031 2661 1213 2717 medio
1252 2660 1544 2716 Novembri
1582 2661 1859 2731 colligeret

271 2752 480 2820 Romae,
504 2753 664 2823 cujus
686 2753 861 2808 sinodi
887 2761 1090 2809 statuta
1114 2754 1182 2808 de
1204 2768 1371 2809 causa
1399 2753 1552 2825 regni
1575 2768 1674 2808 nec
1695 2751 1858 2808 llein-

270 2848 412 2914 rico,
434 2863 536 2904 nec
567 2848 849 2915 Romanis,
893 2848 1062 2903 immo
1089 2849 1226 2904 nulli
1268 2848 1487 2918 penitus
1506 2848 1694 2904 liceret
1720 2864 1858 2919 pra:-

272 2941 527 2996 varicari.
560 2940 848 2996 Heinricus
875 2956 1097 3011 quoque
1123 2941 1282 2997 ituris
1320 2941 1389 2996 ad
1417 2941 1567 2995 illam
1601 2941 1857 2997 sinodum

272 3041 328 3088 et
377 3032 638 3089 redituris
700 3033 1050 3088 securitatem
1091 3033 1455 3104 jurejurando
1508 3031 1655 3089 fecit.
1705 3032 1858 3090 Unde

273 3133 330 3181 et
354 3141 495 3196 papa
520 3140 713 3181 omnes
740 3125 1029 3196 religiosos
1050 3125 1337 3196 episcopos
1366 3135 1421 3181 et
1440 3125 1668 3180 abbates
1689 3127 1755 3181 ad
1780 3127 1854 3182 si-

272 3220 482 3274 nodum
507 3219 679 3274 literis
713 3219 828 3273 suis
856 3218 1089 3272 vocavit.
1126 3217 1368 3274 Reverso
1416 3218 1581 3291 igitur
1602 3218 1857 3275 Heinrico

274 3308 732 3383 Longobardiam,
792 3309 993 3365 milites
1031 3310 1151 3379 ejus
1193 3326 1332 3381 quos
1374 3312 1432 3365 in
1484 3312 1709 3366 castello
1763 3311 1857 3365 illo

272 3415 443 3473 prope
467 3402 727 3459 Sanctum
753 3402 973 3458 Petrum
994 3403 1221 3468 dimisit,
1244 3403 1527 3472 repentina
1550 3419 1699 3458 mors
1721 3419 1857 3472 pene

274 3507 469 3549 omnes
496 3494 712 3560 invasit,
747 3495 889 3550 inter
916 3509 1057 3563 quos
1080 3502 1135 3549 et
1164 3492 1492 3550 Oudalricus
1528 3494 1596 3549 de
1615 3492 1855 3548 Goscez-

272 3584 421 3639 heim
457 3585 526 3618 ⁸⁸⁶
555 3586 763 3657 absque
786 3587 1140 3643 ecclesiastica
1173 3586 1563 3642 communione
1590 3586 1680 3651 ³⁸⁷,
1715 3585 1850 3640 heu!

273 3679 443 3734 miser
469 3678 694 3745 interiit,
732 3688 923 3734 auctor
944 3680 1109 3749 hujus
1137 3680 1464 3735 scismaticte
1490 3676 1857 3747 conspiratio-

273 3768 362 3825 nis
386 3777 442 3824 et
465 3769 729 3825 incentor.
760 3768 837 3825 Ex
869 3770 973 3824 500
1012 3779 1195 3825 autem
1230 3769 1518 3835 militibus,
1551 3769 1646 3837 qui
1677 3768 1729 3822 in
1764 3768 1856 3822 illo

272 3861 498 3917 castello
524 3878 624 3932 pro
663 3863 912 3917 custodia
955 3862 1170 3917 dimissi
1201 3872 1350 3928 sunt,
1394 3861 1485 3915 vix
1516 3861 1586 3915 50
1618 3862 1856 3931 gladium

271 3956 451 4011 sancti
475 3953 644 4021 Petri,
675 3963 736 4010 ut
783 3955 958 4022 aiunt,
981 3970 1244 4010 concessa
1274 3954 1386 4009 vita
1433 3962 1742 4009 evaserunt.
1768 3952 1856 4023 lp—

272 4062 397 4103 sum
438 4056 624 4103 autem
656 4048 941 4104 castellum
970 4063 1003 4102 a
1042 4046 1305 4103 Romanis
1346 4045 1565 4117 penitus
1601 4045 1719 4101 solo
1758 4045 1857 4100 ad-

271 4148 549 4210 :equatum
578 4148 681 4196 est.
702 4138 1165 4210 lleinrirusigitur
1188 4136 1501 4192 Ravennate
1516 4152 1617 4191 suo
1642 4136 1857 4191 interim

271 4232 591 4289 Ravennam
612 4232 962 4298 transmisso,
988 4232 1054 4287 ad
1078 4230 1392 4300 prmdictam
1416 4229 1485 4261 ³⁸⁸
1508 4228 1763 4284 sinodum
1787 4229 1858 4261 ³⁸⁸

269 4325 551 4396 profectus
571 4334 675 4392 est,
696 4341 808 4397 quo
831 4334 886 4380 ct
912 4324 1073 4393 legati
1096 4322 1521 4378 Teutonicorum
1546 4320 1856 4391 principum

1956 1846 2105 1893 ctum
2137 1828 2359 1893 Petrum
2389 1840 2475 1893 vel
2505 1839 2573 1893 ad
2617 1854 2814 1909 papam
2843 1839 3151 1893 venientem
3178 1837 3401 1909 quoque
3421 1852 3548 1893 mo-

1955 1930 2027 1984 do
2057 1929 2401 1999 impedirent.
2434 1928 2538 1984 Sed
2557 1929 2670 1999 jam
2702 1929 2921 1984 advenit
2950 1930 3240 1996 terminus,
3269 1930 3334 1984 ad
3380 1944 3544 1999 quem

1957 2020 2211 2088 Romani,
2236 2022 2513 2077 nesciente
2536 2037 2694 2091 papa,
2724 2020 2979 2075 Heinrico
2995 2037 3054 2076 se
3076 2022 3366 2077 eﬂecturos
3386 2021 3543 2091 jura-

1957 2122 2169 2181 veraut,
2192 2122 2255 2167 ut
2283 2122 2378 2168 aut
2408 2112 2706 2184 Gregorius
2736 2128 2873 2182 papa
2904 2128 3029 2166 eum
3054 2113 3422 2177 incoronarct,
3451 2122 3550 2167 aut

1958 2205 2100 2259 alius
2129 2220 2297 2275 quem
2329 2206 2432 2275 ipsi
2476 2206 2568 2259 ilio
2593 2205 2821 2275 expulso
2868 2205 3149 2274 eligerent.
3188 2204 3345 2270 Quod
3387 2204 3544 2274 jura-

1958 2305 2202 2352 mentum
2226 2297 2353 2352 licet
2373 2297 2427 2351 in
2459 2296 2733 2366 praeterita
2761 2304 2948 2350 testate
2972 2296 3177 2350 factum
3220 2293 3403 2361 fuerit,
3428 2311 3547 2349 cm-

1957 2404 2057 2444 nes
2085 2397 2267 2444 tamen
2292 2388 2517 2443 intimos
2554 2403 2707 2457 papae
2756 2403 2932 2457 usque
2960 2388 3027 2442 ad
3083 2388 3374 2442 terminum
3408 2402 3545 2457 pene

1959 2480 2135 2536 latuit.
2169 2480 2503 2535 Adveniente
2526 2480 2691 2550 igitur
2715 2481 2969 2545 termino,
3000 2479 3235 2534 Romani
3283 2493 3434 2549 papae
3477 2478 3546 2531 de

1955 2573 2273 2641 juramento
2314 2571 2825 2637 manifestaverunt,
2856 2571 3122 2637 dicentes,
3173 2585 3232 2625 se
3289 2568 3545 2623 Heinrico

1955 2664 2193 2733 jurasse,
2213 2678 2323 2718 non
2352 2670 2413 2717 ut
2441 2678 2579 2732 papa
2602 2662 2755 2717 illum
2782 2661 3120 2717 sollemniter
3141 2661 3307 2731 regali
3339 2659 3548 2715 unctio-

1961 2771 2029 2809 ne
2050 2754 2419 2823 incoronaret,
2449 2755 2543 2809 sed
2579 2761 2793 2809 tantum
2838 2753 3177 2822 simpliciter,
3207 2761 3266 2808 ut
3297 2751 3347 2807 ei
3392 2766 3549 2806 coro-

1962 2862 2090 2901 nam
2110 2847 2284 2901 daret.
2311 2845 2520 2901 Annuit
2542 2845 2709 2916 igitur
2731 2860 2869 2915 papa
2890 2860 3081 2900 eorum
3110 2845 3272 2912 votis,
3302 2852 3362 2898 ut
3390 2859 3486 2900 eos
3513 2860 3546 2899 a

1956 2938 2274 3009 iuramento
2296 2939 2626 3005 absolveret,
2653 2938 2901 2992 videlicet
2930 2947 2988 2991 ut
3015 2935 3271 3003 llenrico,
3296 2936 3341 2990 si
3364 2937 3543 3001 vellet,

1886 3071 1928 3127 ο
1960 3046 2086 3086 cum
2108 3030 2351 3100 justicia,
2383 3031 2469 3086 sin
2493 3040 2697 3096 autem,
2723 3045 2847 3084 cum
2873 3029 3251 3084 maledictione
3286 3043 3545 3084 coronam

1962 3124 2135 3178 daret.
2170 3121 2326 3178 Unde
2354 3121 2587 3177 Romani
2641 3122 3037 3177 mandaverunt
3072 3119 3346 3187 lleinrico,
3372 3130 3433 3175 ut
3460 3137 3549 3175 ve-

1961 3218 2105 3271 niret
2139 3216 2205 3270 ad
2231 3215 2605 3285 accipiendam
2643 3229 2905 3269 coronam
2936 3229 3061 3269 cum
3080 3212 3325 3283 justicia,
3356 3213 3403 3269 si
3432 3212 3545 3268 vel-

1961 3309 2064 3375 let;
2090 3308 2173 3365 sin
2199 3316 2402 3375 autem,
2434 3308 2499 3363 de
2533 3305 2758 3362 castello
2785 3305 2962 3362 sancti
2994 3304 3181 3376 Angeli
3213 3319 3311 3375 per
3337 3304 3545 3375 virgam

1962 3400 2065 3456 sibi
2091 3400 2374 3456 dimissam
2401 3415 2433 3454 a
2454 3414 2591 3469 papa
2618 3399 2899 3468 reciperet.
2927 3396 3032 3452 Sed
3049 3394 3305 3452 Heinrico
3333 3404 3548 3450 utrum—

1962 3506 2070 3561 que
2104 3498 2411 3557 recusante,
2437 3488 2605 3544 alium
2654 3489 2892 3560 legatum
2922 3487 2998 3541 illi
3034 3486 3300 3552 direxere,
3328 3485 3421 3555 qui
3452 3500 3550 3540 eos

1961 3585 2103 3639 bello
2129 3582 2466 3647 defenderet,
2493 3581 2539 3635 si
2566 3596 2790 3636 necesse
2817 3587 2962 3634 esset
2995 3595 3008 3630 :
3036 3594 3096 3635 se
3126 3578 3262 3633 bene
3288 3576 3551 3633 attendis-

1962 3692 2023 3733 se
2044 3676 2191 3747 quod
2219 3675 2289 3707 ³⁹δ
2306 3676 2517 3745 juravei
2532 3674 2631 3739 int,
2661 3688 2763 3727 nec
2788 3688 2846 3726 se
2876 3671 3114 3741 amplius
3144 3685 3211 3725 eo
3226 3670 3551 3739 .juramento

1961 3766 2194 3823 detineri
2223 3766 2512 3820 obnoxios.
2538 3764 2709 3835 Igitur
2754 3764 2955 3818 domno
2979 3778 3133 3833 papae
3164 3763 3234 3795 ”'
3256 3762 3433 3817 multo
3454 3760 3549 3815 ﬁr-

1963 3858 2108 3913 mius
2135 3872 2301 3927 quam
2330 3857 2540 3926 pridem
2570 3854 2803 3910 consilio
2833 3854 2903 3886 ³³⁸
2928 3863 2983 3908 et
3016 3853 3220 3908 auxilio
3245 3852 3546 3908 adhaesere.

1964 3947 2253 4004 Heinricus
2279 3957 2463 4003 autem
2489 3947 2663 4002 multo
2694 3945 2993 4002 instantius
3025 3957 3127 4014 pro
3152 3944 3233 3998 eis
3256 3959 3372 3999 suae
3400 3945 3545 4013 parti

1964 4040 2321 4112 applicandis,
2355 4055 2500 4094 nunc
2532 4037 2811 4105 minando,
2839 4051 2985 4092 nunc
3004 4034 3369 4106 promittendo
3394 4034 3553 4097 labe:

1965 4134 2128 4201 ravit,
2174 4132 2519 4201 multumque
2591 4140 2807 4200 tempus
2881 4130 3028 4184 circa
3076 4127 3307 4182 Romam
3358 4141 3549 4182 mora-

1966 4235 2054 4282 tus
2089 4226 2219 4282 huic
2260 4224 2486 4295 negOcio
2551 4222 2871 4294 invigilavit.
2909 4214 3006 4276 His
3062 4218 3402 4290 temporibus
3446 4219 3551 4289 piae

1965 4318 2243 4375 memoria:
2312 4314 2621 4385 Stephanus
2687 4314 2963 4386 quondam
3018 4329 3115 4367 rex
3182 4308 3550 4381 Ungarorum,

273 4415 356 4472 ire
388 4417 725 4484 debuerunt;
760 4423 902 4471 seta
954 4412 1207 4469 Heinrico
1247 4414 1303 4467 in
1345 4413 1430 4468 via
1471 4413 1617 4483 apud
1653 4412 1856 4468 Forum
1890 4416 1934 4470 D
1958 4413 2052 4483 qui
2077 4427 2136 4467 se
2174 4411 2352 4481 ipsum
2386 4425 2513 4463 eum
2558 4425 2656 4464 sua
2692 4416 2849 4480 gente
2883 4406 2951 4459 ad
2989 4405 3150 4460 fidem
3190 4402 3395 4458 Christi
3420 4419 3556 4459 con-

270 4508 448 4567 Cassii
481 4510 665 4581 (1521)
687 4508 831 4577 capti
856 4516 909 4561 et
931 4506 1151 4577 praedati
1179 4514 1308 4562 sunt
1334 4506 1479 4561 circa
1511 4504 1860 4563 festivitatem

274 4603 452 4662 sancti
476 4601 696 4657 Martini
727 4601 816 4665 ³⁸⁸,
846 4600 969 4656 licet
1008 4599 1263 4655 omnibus
1290 4598 1547 4654 sinodum
1592 4599 1740 4655 illam
1762 4615 1850 4669 pe-

1962 4504 2146 4569 vertit,
2170 4511 2293 4572 post
2319 4500 2804 4570 quadragesimum
2826 4497 3009 4552 ob'itus
3034 4498 3119 4553 sui
3138 4510 3343 4550 annum
3367 4494 3554 4566 (1525)

1965 4594 2246 4651 miraculis
2268 4592 2484 4647 claruit.
2505 4592 2767 4648 Salomon
2791 4605 2883 4644 rex
2908 4587 3276 4660 Ungarorum,
3299 4595 3384 4641 set
3409 4590 3560 4660 regia

1533 4764 1783 4843 vitam
1824 4782 2230 4842 LECTIONES.

342 4913 412 4945 '7’
434 4911 555 4964 hinc
582 4908 763 4961 littera
783 4905 965 4977 paullo
994 4905 1184 4977 minor,
1205 4903 1307 4977 sed
1338 4917 1458 4977 mox
1492 4909 1687 4977 {terunt
1719 4900 1906 4977 crescit
1932 4898 1981 4953 l.
2012 4971 2039 4977 Δ
2057 4898 2125 4932 ³⁸³
2151 4904 2500 4977 pugnaturus
2656 4892 2952 4977 a{'“Sic‘que
2980 4885 3579 4977 :‘anillthtjtn‘atiaatos

273 4985 454 5041 littera
498 4978 693 5034 minori
738 4974 793 5030 iri
837 4975 1070 5045 margine
1107 4974 1315 5030 addita‘
1344 4974 1395 5027 ’l.

1501 4973 1570 5005 ³⁸¹
1610 4972 1965 5029 aritinensem
2008 4971 2064 5026 2.
2111 4965 2507 5024 ariminensem
2538 4965 2591 5019 5.

2692 4965 2761 4999 ³⁸³
2785 4956 2981 5031 qui“:—
3005 4958 3119 5027 jam
3154 4956 3337 5031 littera
3377 4965 3587 5021 minori

476 5025 1561 5121 {jaminflectit—rigavit:w’éi‘conducti
1592 5025 1687 5100 2w.”
1728 5040 1796 5072 ³³⁸
1823 5040 2048 5121 triennii
2084 5041 2139 5095 2.
2217 5036 2286 5121 ³ξ⁶
2309 5025 3127 5121 εοῑοθιιμρὶξηβιζξξζζξξὶρπςξι
3150 5025 3596 5121 ’ξξξεςιξξαιὲάί-

264 5136 381 5180 tum
418 5123 466 5176 l.
521 5115 692 5170 ""in
722 5118 833 5172 loco
876 5132 995 5170 raso
1022 5115 1130 5172 litt.
1158 5116 1270 5169 min
1311 5115 1361 5167 4.

260 5197 376 5252 alio
401 5197 703 5247 atramento
732 5190 927 5257 scripta
957 5198 1081 5240 sunt
1118 5190 1166 5241 1.

1439 5114 1506 5145 ³⁸³
1540 5116 1679 5170 hunc
1712 5122 1825 5182 tres
1858 5111 2012 5167 linem
2039 5125 2201 5182 usque
2228 5105 2629 5182 fecitAgucia‘ri
2665 5110 2727 5182 in
2760 5105 2877 5182 loco
2901 5115 3043 5182 raso,
3067 5107 3260 5182 etquo:
3283 5112 3601 5182 seqyﬂnmr

1248 5185 1317 5215 ⁸³⁵
1348 5168 1682 5255 γριὶεὶοείίέ.
1765 5181 1830 5211 ³⁹¹
1864 5168 2187 5255 anshelm'us
2227 5176 2431 5255 210‘”
2472 5172 2873 5255 reginaldqi‘a-
2918 5169 3004 5255 ila.
3027 5180 3091 5255 cf,
3108 5168 3292 5255 3'30“;

3380 5170 3466 5205 3.3

260 5235 924 5329 ψῖδίᾷ.
946 5235 1169 5329 QVI-quid
1203 5257 1256 5310 5.
1335 5235 2195 5327 {tigrim-{apostolico‘3:4".
2274 5246 2343 5279 ³⁹⁶
2376 5235 2694 5306 ηιαηιιυεωσ.
2725 5246 2777 5303 Χ
2796 5239 2893 5296 γι.
2926 5240 3004 5295 vel
3044 5237 3238 5295 XVII.
3265 5235 3386 5309 ﬁlio
3421 5261 3605 5301 corre-

1784 5390 2018 5450 NOTAE.

256 5350 410 5394 ctum
432 5340 533 5389 est.

3505 5195 3601 5232 ve-
