3996 5474
515 327 656 384 1385

1506 322 1595 376 AD
1630 319 1859 376 OPEBA
1898 318 1956 374 8.
1995 315 2324 375 GREGORII
2353 317 2798 376 APPENDICES.

3650 327 3781 383 εδει

507 443 772 516 dignitate
820 438 1258 512 indignissimus,
1299 436 1542 508 praedicti
1597 435 1839 490 Heinrici
1889 448 2095 505 cogna-
2127 439 2170 494 Α
2195 448 2362 502 quam
2386 433 2628 489 alienum
2644 434 2915 490 desideret
2939 435 3242 504 proficuum
3271 455 3285 503 ;
3311 445 3368 492 et
3391 436 3447 492 in
3477 439 3784 496 exhibenda

509 543 598 590 tus
623 533 828 606 (1324'),
852 549 883 586 a
929 529 1284 600 compatriota
1313 543 1436 596 suo,
1471 528 1694 584 nomine
1739 525 1980 581 Latislao
2005 525 2100 596 "7,

509 640 679 697 regno
707 625 950 695 privatus
981 621 1374 685 incarceratur,
1407 627 1462 674 et
1499 619 1588 673 ille
1614 631 1715 688 pro
1733 631 1801 672 eo
1836 616 1983 688 regia
2009 615 2082 669 di-

2201 523 2571 592 hospitalitate
2596 533 2707 580 tam
2739 525 3060 581 mirabiliter
3103 527 3378 594 insudant,
3403 545 3470 584 ac
3502 531 3633 586 sise
3659 546 3784 602 per-

2197 615 2401 672 didisse
2451 619 2729 685 estiment,
2761 618 3022 689 quicquid
3072 622 3404 692 pauperibus
3455 621 3667 705 Christi
3698 623 3785 682 vel

509 715 714 785 gnitate
762 712 1106 768 sublimatur.
1170 709 1519 781 Beringarius
1562 722 1717 763 novre
1773 705 1983 762 heresis
2030 705 2098 760 de
2197 707 2506 778 hospitibus
2533 708 3030 780 uouerogaverint.

508 819 736 875 corpore
779 801 994 858 Domini
1027 809 1239 867 auctor,
1283 814 1350 856 eo
1389 808 1634 871 tempore
1671 797 1932 854 deficiens
1967 795 2098 852 abiit

507 895 562 948 in
596 895 776 949 locum
813 909 1014 960 suum;
1058 893 1154 964 qui
1175 893 1302 948 licet
1348 891 1576 947 eandem
1602 890 1839 946 heresim
1867 889 2095 960 sepissi~

506 999 593 1040 me
625 985 678 1039 in
726 985 920 1039 sinodo
969 983 1038 1016 ³⁸⁸
1091 982 1441 1053 abjuraverit,
1483 981 1552 1036 ad
1595 981 1863 1036 vomitum
1908 987 2092 1034 tamen

505 1093 667 1132 suum
709 1078 908 1133 canino
947 1092 1100 1133 more
1145 1091 1256 1131 non
1299 1076 1517 1147 expavit
1559 1076 1759 1132 redire.
1791 1073 1930 1130 Nam
1959 1074 2094 1130 etin

505 1165 752 1222 Romana
779 1167 974 1222 sinodo
1003 1167 1263 1221 canonice
1285 1165 1570 1222 convictus
1589 1165 1828 1220 heresim
1857 1179 2016 1220 suam
2037 1163 2094 1219 in

503 1254 645 1310 libro
678 1272 710 1310 a
733 1272 793 1312 se
816 1257 1145 1326 descriptam
1175 1257 1496 1323 combussit,
1529 1265 1584 1310 et
1617 1255 1920 1326 abjuratam
1955 1270 2092 1310 ana-

503 1347 915 1416 thematizavit;
950 1361 1051 1402 nec
1089 1357 1271 1402 tamen
1297 1355 1487 1418 postea
1528 1347 1739 1402 dimisit
1771 1347 1861 1402 ³⁸⁸.
1889 1345 1996 1401 Sed
2019 1343 2090 1378 ‘°°

497 1438 614 1508 jam
636 1437 919 1508 septennio
942 1445 1116 1492 totum
1126 1436 1438 1492 Romanum
1459 1435 1748 1507 imperium
1760 1436 1908 1490 civili
1923 1435 2085 1502 bello,

502 1528 672 1582 immo
727 1528 1004 1584 scismatis
1059 1525 1292 1582 discidio
1346 1525 1633 1593 laboravit,
1685 1524 1811 1581 aliis
1866 1525 2087 1596 quidem

503 1619 706 1674 domno
727 1619 1045 1690 apostolico,
1077 1618 1201 1674 aliis
1227 1625 1410 1673 autem
1457 1616 1714 1673 Heinrico
1741 1615 2085 1684 faventibus,

501 1719 558 1765 et
581 1711 656 1765 ob
691 1713 795 1767 hoc
847 1712 1124 1780 utrimque
1157 1710 1226 1744 W
1267 1717 1444 1765 totum
1493 1724 1725 1781 regnum
1769 1709 1839 1742 ⁶⁰¹¹
1881 1708 2084 1782 praeda,

2759 841 2762 845 .
2819 798 3157 858 MLXXXIV.

2265 888 2644 947 Heremanuus
2690 903 2785 947 rex
2829 891 3164 948 nativitatem
3195 875 3431 948 'Domini
3453 894 3510 949 in
3541 893 3779 952 Saxonia

2194 978 2505 1034 celebravit.
2537 977 2766 1034 Emulus
2794 987 2975 1034 autem
3003 980 3123 1047 ejus
3157 980 3211 1034 in
3238 979 3618 1038 Romanorum
3654 983 3776 1040 tini-

2195 1069 2298 1125 bus
2332 1069 2613 1137 hiemavit,
2647 1070 2832 1142 ibique
2862 1069 3184 1127 Guibertum
3219 1071 3594 1131 Ravennatem
3615 1091 3777 1132 suum

2195 1159 2422 1216 Romam
2463 1171 2756 1218 venturum
2802 1163 3154 1232 exspectavit,
3187 1171 3248 1219 ut
3267 1165 3338 1220 ab
3359 1179 3426 1222 eo
3456 1167 3606 1237 apud
3639 1166 3778 1222 Sau-

2189 1259 2339 1308 ctum
2386 1251 2608 1308 Petrum
2663 1253 3098 1322 incoronaretur,
3153 1270 3220 1312 eo
3271 1258 3420 1327 quod
3450 1257 3774 1330 Gregorium

2189 1356 2386 1415 papam
2411 1344 2478 1399 ad
2503 1345 2610 1401 hoc
2632 1344 2848 1402 ﬂectere
2877 1361 2986 1401 non
3020 1355 3224 1417 posset,
3254 1357 3317 1404 ut
3335 1365 3486 1418 eum,
3507 1351 3619 1406 nisi
3639 1351 3773 1423 legi—

2187 1435 2321 1490 time
2369 1435 2802 1504 recouciliatum,
2869 1435 3195 1494 incoronare
3254 1439 3430 1495 vellet.
3475 1438 3772 1512 Reginnal-

2187 1527 2290 1584 dus
2313 1526 2496 1600 (1526)
2525 1526 2808 1584 Cumanus
2831 1529 3144 1601 episcopus,
3172 1531 3402 1586 scientia
3425 1540 3482 1587 et
3515 1533 3774 1606 religione

2185 1619 2547 1687 clarissimus,
2570 1627 2626 1676 et
2645 1620 2715 1676 ob
2735 1621 2844 1678 hoc
2867 1620 3114 1694 Gregorii
3137 1622 3207 1655 ⁶⁰³
3235 1638 3390 1694 papm
3410 1625 3635 1694 adjutor
3653 1634 3770 1683 stu-

2184 1710 2558 1778 diosissimus,
2622 1712 2876 1784 migravit
2912 1715 2980 1768 ad
3022 1713 3316 1770 Dominum
3357 1715 3393 1770 6
3441 1715 3564 1772 Kal.
3612 1717 3768 1777 Febr.

501 1800 650 1857 fet-ro
680 1812 734 1857 et
763 1802 876 1873 igni
908 1801 1294 1858 miserabiliter
1312 1799 2081 1858 devastantibus.Paucissimi
2116 1785 2158 1840 Β
2187 1800 2332 1856 Welf
2353 1803 2464 1858 dux
2493 1801 2761 1874 Bajoaria:
2805 1804 3082 1861 civitatem
3124 1805 3426 1878 Augustam
3469 1823 3502 1862 a
3533 1809 3770 1879 quodam

502 1895 757 1950 catholici
783 1895 1023 1966 episcopi
1052 1911 1121 1950 ex
1158 1902 1313 1966 parte
1343 1893 1629 1964 apostolici
1664 1901 2080 1962 remanserunt;

500 1989 594 2059 qui
631 1999 685 2045 et
706 2005 738 2044 a
760 1989 998 2060 propriis
1024 1987 1246 2044 sedibus
1273 1987 1508 2058 expulsi,
1531 1987 1646 2042 suis
1677 1986 1932 2058 gregibus
1955 1999 2084 2056 pro-

498 2081 684 2137 videre
721 2097 830 2138 uon
864 2081 1337 2154 permittebantur.
1364 2079 1708 2149 Quapropter
1735 2092 1926 2134 omnes
1945 2091 2084 2149 pene

498 2173 758 2244 religiosi,
783 2174 900 2230 sive
941 2173 1128 2230 clerici
1162 2173 1278 2230 sive
1307 2171 1452 2238 laici,
1492 2172 1548 2226 in
1573 2171 1756 2242 aliqua
1799 2177 2082 2226 monaste-

496 2265 707 2320 riorum
739 2266 964 2321 latibula
1001 2266 1314 2336 bujusmodi
1344 2263 1486 2320 mala
1511 2263 1868 2332 declinavere,
1891 2277 1962 2318 ne
1995 2263 2080 2318 vi-

497 2356 692 2410 delicet
715 2356 1141 2412 devastationem
1164 2364 1368 2412 sanctae
1401 2357 1630 2412 ecclesiae
1658 2363 1967 2424 cernerent,
1991 2355 2082 2411 cui

498 2449 554 2501 iu
579 2449 728 2504 nullo
754 2449 1136 2504 adminiculari
1168 2455 1410 2519 possent.
1463 2446 1649 2504 Satius
1687 2448 1760 2480 ⁵⁸³
1790 2447 1937 2504 enim
1973 2449 2082 2505 illis

496 2539 803 2607 videbatur,
829 2549 891 2594 ut
916 2537 1099 2595 saltim
1124 2553 1184 2596 se
1219 2539 1369 2609 ipsos
1395 2539 1762 2596 delitescendo
1783 2539 2078 2608 salvarent,

494 2647 662 2703 quam
715 2648 817 2703 pro
858 2632 982 2688 aliis
1026 2632 1306 2688 incassum
1359 2633 1660 2688 laborando
1705 2647 1832 2688 cum
1873 2632 2080 2688 eisdem

493 2729 754 2799 perirent.
789 2727 870 2784 Eo
893 2738 1077 2785 autem
1108 2737 1354 2801 tempore
1374 2729 1430 2785 in
1464 2745 1632 2802 regno
1656 2727 2081 2784 Teutonicorum

493 2821 602 2877 tria
627 2821 961 2878 monasteria
977 2837 1106 2878 cum
1134 2823 1252 2879 suis
1278 2823 1510 2892 cellulis,
1537 2821 1879 2894 regularibus
1913 2819 2082 2878 disci-

493 2912 658 2982 plinis
693 2915 945 2970 instituta
967 2915 1181 2986 egregie
1201 2915 1478 2986 pollebant
1500 2933 1514 2970 :
1547 2904 1747 2986 quippe
1767 2912 2078 2971 cmnobium

494 3008 670 3062 sancti
692 3007 858 3064 Blasii
883 3009 939 3063 in
967 3007 1134 3078 Nigra
1171 3006 1339 3076 Silva,
1375 3016 1430 3063 et
1453 3009 1628 3065 sancti
1669 3007 1894 3074 Aurelii,
1933 3005 2078 3076 quod

494 3099 784 3174 ﬂirsaugia
805 3103 1025 3169 dicitur,
1045 3109 1100 3157 et
1129 3101 1303 3158 sancti
1325 3101 1647 3170 Salvatoris,
1675 3101 1822 3172 quod
1849 3099 2080 3156 Sec-fbu-

493 3193 604 3260 sin,
637 3165 801 3250 idvest
842 3165 1064 3251 navium
1098 3195 1316 3263 domus,
1369 3195 1588 3252 dicitur.
1725 3209 1848 3265 quae
1880 3208 2076 3247 moxa-
2103 3165 2144 3224 (δ

493 3287 660 3342 steria
699 3287 965 3342 mirabilis
1007 3287 1300 3342 multitudo
1345 3287 1611 3342 nobilium
1640 3293 1695 3342 et
1725 3286 2074 3358 prudentium

494 3376 737 3433 virorum
769 3379 874 3434 hac
901 3385 1224 3448 tempestate
1255 3379 1310 3434 in
1362 3378 1514 3434 brevi
1543 3375 1806 3450 confugit,
1833 3385 1888 3432 et
1906 3377 2064 3446 depu-

493 3469 621 3524 sitis
653 3469 822 3526 armis
851 3470 1220 3540 evangelicum
1263 3469 1653 3540 perfectionem
1689 3469 1792 3525 sub
1838 3468 2078 3539 regulari

491 3559 778 3630 disciplina
807 3560 1034 3631 exsequi
1057 3562 1362 3632 proposuit,
1395 3569 1546 3616 tanta
1575 3561 1800 3630 inquam
1825 3575 2075 3626 numero,

492 3657 555 3704 ut
585 3651 704 3720 ipsa
736 3633 1197 3706 monasteriorum
1239 3651 1467 3708 aedificia
1505 3650 1816 3706 necessario
1847 3651 2076 3722 amplia-

493 3745 635 3804 rent,
662 3752 728 3793 eo
757 3737 904 3808 quod
939 3753 1050 3794 non
1093 3739 1252 3796 aliter
1282 3740 1338 3795 in
1373 3741 1454 3797 eis
1484 3741 1668 3797 locum
1697 3741 2076 3796 commancndi

493 3827 774 3885 haberent.
807 3824 866 3885 In
902 3830 990 3886 his
1021 3831 1205 3903 itaque
1250 3824 1598 3890 monasteriis
1641 3847 1740 3890 nec
1787 3833 1904 3904 ipsa
1931 3841 2080 3888 exte-

493 3921 641 3976 riora
662 3921 836 3978 olllcia
855 3938 956 3994 per
999 3925 1298 3993 seculares,
1323 3934 1407 3982 set
1448 3941 1544 3996 per
1565 3925 1853 3998 religiosos
1881 3923 2078 3981 fratres

491 4013 964 4084 administrantur,
988 4024 1045 4072 et
1058 4025 1265 4088 quanto
1283 4018 1576 4074 nobiliores
1599 4026 1756 4074 erant
1783 4018 1838 4072 in
1866 4017 2074 4086 seculo,

493 4099 648 4162 tanto
692 4121 754 4162 se
800 4111 1388 4182 contemptibilioribus
1421 4109 1612 4167 officiis
1648 4109 1907 4180 occupari
1931 4107 2077 4166 desi-

489 4196 703 4266 derant,
751 4208 834 4267 ut,
875 4201 972 4272 qui
1020 4203 1298 4274 quondam
1339 4209 1497 4258 erant
1535 4201 1763 4259 comites
1810 4201 1894 4256 vel
1925 4215 2075 4256 mar-

491 4289 719 4348 ch'ioues
746 4291 820 4327 ⁸⁸⁸
841 4293 896 4350 in
925 4296 1129 4364 seculo,
1149 4295 1308 4351 nunc
1335 4295 1396 4349 in
1425 4293 1704 4364 quoquina
1731 4293 1816 4348 vel
1845 4290 2077 4362 pistrino

488 4382 755 4440 fratribus
775 4387 997 4454 servire,
1020 4387 1105 4442 vel
1128 4401 1326 4458 porcos
1349 4399 1540 4442 eorum
1559 4383 1614 4439 in
1635 4397 1832 4455 campo
1853 4397 2077 4454 pascere

2187 1891 2487 1966 Sigel'rcdo,
2514 1910 2616 1951 nec
2643 1895 2979 1953 nominando
3021 1898 3297 1969 episeopo,
3341 1915 3472 1955 cum
3505 1899 3769 1970 Bajoariis

2185 1985 2456 2054 invasam,
2492 1987 2725 2044 viriliter
2769 1988 2990 2060 eripuit,
3030 2005 3261 2060 eamque
3303 1991 3548 2062 legitimo
3569 1995 3769 2064 pastori

2184 2077 2408 2133 nomine
2449 2074 2703 2150 Wigoldo
2747 2080 3077 2151 subjugavit.
3132 2079 3438 2152 Sigifredus
3458 2081 3770 2154 Hogoncia-

2183 2168 2368 2226 censis
2389 2171 2856 2242 archiepiscopus,
2887 2171 3135 2244 Gregorii
3154 2187 3307 2243 papae
3329 2188 3426 2243 per
3445 2176 3656 2232 multas
3675 2178 3770 2232 tri-

2183 2263 2494 2320 bulationes
2510 2263 2728 2333 adjutor
2740 2259 3341 2334 indefessus,requievit
3351 2264 3406 2318 in
3418 2280 3552 2336 pace
3563 2266 3770 2336 (1327).

2183 2351 2392 2425 Regina
2431 2353 2734 2425 Anglorum
2777 2355 2914 2409 obiit
2953 2353 3164 2426 (1528).
3188 2369 3327 2410 uxor
3360 2355 3771 2413 Willihelmim

2181 2444 2347 2515 regis,
2377 2445 2472 2514 qui
2496 2452 2665 2499 totam
2685 2443 2985 2516 Anglorum
3011 2453 3216 2501 terram
3246 2443 3501 2502 Romano
3527 2447 3768 2518 pontiﬁci

2179 2537 2523 2594 tributariam
2548 2535 2698 2604 fecit,
2733 2551 2836 2593 nec
2861 2537 3098 2608 aliquem
3133 2537 3191 2592 in
3223 2552 3324 2593 sua
3365 2546 3642 2608 potestate
3669 2540 3766 2594 ali-

2181 2629 2313 2701 quid
2331 2643 2514 2685 emere
2534 2629 2620 2684 vel
2661 2629 2894 2685 vendere
2933 2629 3205 2700 permisit,
3255 2643 3422 2701 quem
3457 2621 3770 2700 apostolica:

2180 2721 2297 2778 sedi
2324 2719 2723 2777 lnobedieutem
2745 2719 3120 2792 deprehendit.
3153 2719 3269 2776 Rex
3291 2719 3646 2792 Ungarorum
3668 2721 3768 2778 La.

2178 2811 2376 2872 tislaus
2405 2811 2500 2881 W,
2549 2812 2692 2884 parti
2725 2813 3122 2869 catholicorum
3175 2820 3563 2878 assentaneus,
3615 2829 3768 2868 emu-

2177 2905 2293 2962 lum
2347 2923 2509 2964 suum
2547 2907 2893 2964 Salomonem
2942 2908 3010 2963 de
3049 2921 3269 2962 carcere
3296 2907 3628 2974 relaxatum,
3659 2905 3764 2962 Ra-

2177 2999 2452 3071 tisponam
2481 3001 2550 3058 ad
2576 3015 2802 3056 uxorem
2837 3015 2994 3055 suam
3014 2999 3095 3058 ire
3117 2999 3390 3070 permisit,
3419 2999 3553 3054 licet
3583 3000 3764 3070 ingra-

2176 3100 2308 3150 tam.
2353 3092 2488 3150 Nam
2521 3108 2622 3149 nec
2644 3093 2738 3148 illa
2769 3106 2872 3148 nec
2915 3092 3004 3148 ille
3029 3091 3318 3163 coniugale
3348 3090 3508 3148 fedus
3533 3093 3603 3146 ad
3632 3091 3764 3144 invi-

2177 3200 2297 3242 cem
2336 3192 2564 3241 eatenus
2601 3194 2976 3250 servaverunt,
3023 3183 3192 3239 immo
3235 3190 3428 3238 contra
3456 3183 3762 3253 apostolum

2179 3291 2238 3333 se
2278 3276 2425 3346 ipsos
2465 3274 2699 3333 invicem
2742 3275 2998 3332 fraudare
3021 3274 3091 3307 ⁶⁰⁸
3119 3289 3230 3328 non
3274 3275 3603 3330 timuerunt.
3638 3272 3766 3331 Erat

2177 3375 2359 3422 autem
2391 3369 2508 3438 ipsa
2531 3382 2690 3423 soror
2713 3365 2953 3424 lleiurici
2977 3381 3104 3436 sepe
3133 3365 3421 3432 nominati,
3457 3382 3588 3438 qua:
3618 3367 3760 3422 etab

2178 3459 2300 3532 ipso
2314 3459 2428 3531 jam
2451 3460 2544 3515 diu
2591 3459 2904 3530 Ratisponaa
2951 3459 3383 3526 sustentabatur,
3426 3459 3598 3514 etiam
3644 3469 3764 3514 ante

2177 3567 2342 3623 quam
2363 3553 2596 3608 maritus
2617 3551 2738 3622 ejus
2756 3552 3139 3622 captivaretur.
3157 3549 3448 3606 ﬂeinricus
3458 3549 3767 3622 Aquileien-

2177 3643 2255 3699 sis
2282 3643 2680 3714 expatriarcha,
2719 3657 2828 3697 nou
2859 3643 3026 3700 semel
3053 3642 3240 3698 domui
3267 3641 3561 3713 apostolici
3581 3643 3763 3714 per-ju-

2177 3749 2274 3790 rus
2293 3742 2348 3790 et
2375 3731 2902 3800 cxcommunicatus,
2938 3733 2993 3787 in
3032 3747 3259 3803 corpore
3285 3739 3341 3788 et
3379 3732 3569 3786 anima
3594 3732 3761 3787 mori-

2135 3855 2140 3860 ~
2177 3838 2268 3884 tur
2292 3828 2496 3902 (1329).
2537 3827 2635 3884 His
2681 3829 3018 3899 temporibus
3068 3843 3164 3884 rex
3203 3827 3762 3900 ConstantinOpolita-

2176 3939 2282 3980 nus
2333 3921 2634 3978 maximam
2679 3923 2968 3993 pecuniam
3017 3920 3276 3977 Heinrico
3313 3922 3596 3992 quondam
3651 3920 3762 3992 regi

2174 4013 2484 4071 transmisit
2523 4023 2584 4070 ut
2629 4011 2971 4069 Roubertum
2999 4011 3369 4080 Wiscardum,
3419 4013 3620 4068 ducem
3652 4011 3756 4068 Ca-

2173 4106 2360 4164 labria
2386 4114 2447 4162 et
2463 4105 2673 4177 Apulia:
2689 4114 2771 4162 .et
2791 4105 3038 4177 iuratum
3063 4103 3134 4138 ⁸⁸³
3164 4105 3392 4160 militem
3441 4104 3637 4160 domui
3660 4118 3760 4176 pa-

2173 4203 2282 4270 pae,
2301 4199 2359 4253 in
2389 4199 2654 4254 ultionem
2681 4197 2927 4270 ejusdem
2952 4197 3098 4270 regis
3127 4195 3273 4252 bello
3300 4204 3601 4267 appeteret.
3623 4193 3757 4250 Nam

2175 4286 2487 4344 Roubertus
2521 4287 2638 4359 jam
2687 4288 2894 4344 dudum
2944 4289 3078 4344 fines
3119 4287 3757 4358 Constantinopolitano-

2172 4395 2297 4436 rum
2318 4379 2538 4446 invasit,
2572 4379 2880 4452 iterumque
2921 4379 3050 4435 illuc
3089 4379 3490 4450 expeditionem
3541 4393 3760 4436 movere

490 4489 592 4544 pro
641 4477 872 4533 summis
922 4477 1130 4534 delia‘is
1167 4485 1500 4565 computent.
1534 4475 1612 4532 lbi
1637 4489 1833 4547 nempe
1867 4481 1924 4531 et
1947 4489 2075 4546 por-
2107 4515 2150 4570 Β
2174 4471 2464 4570 disposuit.
2489 4469 2597 4528 Sed
2618 4470 2907 4570 Heinr-iens
2934 4479 3213 4541 acceptam
3237 4471 3532 4570 pecuniam
3561 4484 3676 4526 non
3703 4469 3756 4524 in

491 4565 626 4622 carii
671 4573 726 4622 e‘t
761 4567 981 4624 bubulci
1019 4578 1215 4640 praeter
1256 4561 1505 4626 habitum
1551 4569 1695 4625 idem
1747 4575 1878 4624 sunt
1927 4565 2075 4638 quod
2107 4561 2516 4634 Tprocinctum
2546 4579 2713 4634 supra
2733 4562 3089 4630 Roubertum,
3118 4561 3266 4634 quod
3285 4562 3610 4634 iuramento
3633 4575 3759 4632 pro-

492 4657 748 4714 mon'achi
778 4658 986 4732 (1525).
1012 4649 1196 4718 Tanto
1229 4671 1410 4718 autem
1441 4661 1692 4717 caritatis
1731 4659 1927 4716 ardore
1953 4672 2075 4715 om—
2171 4654 2346 4723 misit,
2391 4663 2477 4711 set
2513 4655 2582 4712 ad
2617 4655 3018 4712 conciliandum
3073 4654 3180 4710 sibi
3223 4653 3422 4726 vulgus
3445 4651 3752 4708 Romanum

493 4761 591 4802 nes
613 4748 819 4818 pariter
844 4747 1076 4820 fervent,
1091 4761 1154 4808 ut
1180 4753 1409 4824 quilibet
1428 4767 1620 4808 eorum
1637 4759 1882 4808 nontam
1910 4764 2072 4806 suum
2172 4747 2447 4818 expendit,
2476 4747 2634 4818 cujus
2659 4746 2933 4818 adjutorio
2967 4744 3334 4802 Laterauense
3377 4743 3650 4816 palatium
3677 4740 3754 4796 fe-

1731 4923 1965 4984 νΑιυιΕ
2001 4882 2420 4984 LECTIONES.

567 5059 905 5140 _’”_Talisl_ao_
931 5065 1020 5120 4b.
1097 5064 1165 5100 ⁸³⁸
1187 5066 1246 5122 iu
1289 5082 1336 5121 s.
1370 5068 1556 5121 desunt
1563 5064 1789 5140 31‘”:
1803 5079 1914 5140 ρρέε-
1936 5077 2062 5140 pene
2091 5061 2264 5140 deleta
2307 5061 2356 5140 l.
2410 5061 2502 5140 ξπ
2697 5078 2858 5140 usque
2888 5063 3152 5140 haberent
3178 5055 3450 5140 scripturn

490 5129 607 5186 fida
635 5131 699 5203 1.4
763 5131 833 5203 ξθί
856 5133 1178 5203 plerumque
1211 5153 1398 5190 manus
1419 5153 1522 5191 sec.
1552 5131 1713 5190 XVI.
1743 5133 1789 5187 X
1803 5129 2018 5186 Πιζὺι
2040 5131 2106 5203 1.
2141 5131 2310 5203 _‘°’_r.
2342 5131 2462 5203 με.
2517 5131 2610 5203 >⁸⁰³
2635 5129 2782 5203 Satis
2807 5134 2860 5203 2.
2931 5134 3003 5166 ⁸⁸⁸
3023 5129 3360 5190 ωανοῶοῖ.
3436 5132 3511 5168 ⁸⁸⁸
3534 5131 3667 5203 εις-ὅ
3698 5132 3748 5185 ί.

490 5151 607 5186 uaa
635 5151 686 5186 ι.
763 5151 833 5164 ’ν’
856 5151 1065 5202 pterum
1111 5151 1178 5190 ue
1211 5153 1398 5190 manus
1419 5153 1522 5191 sec.
1552 5151 1595 5190 Α
1623 5151 1713 5190 Η.
1743 5151 1781 5187 ιι
1809 5151 1935 5186 vu.
1960 5151 2018 5186 m
2040 5151 2089 5185 ι.
2167 5151 2236 5162 π·
2263 5151 2310 5184 ι·.
2342 5151 2380 5186 ι.
2409 5151 2462 5186 z.
2539 5151 2610 5165 ’ν-
2635 5151 2779 5190 Satis
2807 5151 2860 5188 Ζ.
2931 5151 3003 5166 ’ν’
3023 5151 3146 5190 ωλι-ι

489 5201 742 5276 gregario
761 5200 817 5257 2.
893 5202 964 5234 ⁸⁸⁸
999 5151 1392 5260 WﬁlihalmiB.
1469 5206 1539 5238 ⁵⁰⁷
1573 5204 1850 5261 Tatislaus
1877 5203 1962 5258 4b.
2039 5200 2110 5234 ⁸⁰⁸
2132 5199 2360 5262 laudare
2387 5201 2438 5256 l.
2513 5201 2584 5235 ⁸⁰⁹
2615 5202 2682 5260 Α.
2708 5201 3055 5274 coniuratum
3091 5205 3146 5263 2.

474 5383 495 5418 ,
1805 5347 1816 5357 α
1864 5351 1874 5358 ·
1990 5332 2222 5392 nom.

565 5441 610 5474 ll
622 5426 750 5474 15h
775 5427 993 5474 αηξιέηοο
1024 5441 1222 5474 ana-nni:
1247 5441 1362 5474 nino
1379 5444 1606 5474 ωλι-ἔς...-
1653 5443 1757 5474 IT..-
2006 5447 2014 5454 '
2242 5443 2424 5474 ηιιονη
2449 5441 2592 5474 Ak“.
2610 5443 2760 5474 ...ιο-,ι
2783 5443 2836 5474 ἓ*
2853 5441 3152 5474 'I‘Iunnh‘nhs
3170 5442 3192 5474 .I
3211 5441 3232 5474 Ι
3282 5438 3380 5474 παι
3429 5438 3570 5474 Παιδί
3623 5409 3725 5474 lis;
