3996 5474
174 240 297 297 1583

1038 230 1326 291 APPEND.
1366 230 1454 289 Ill.
1494 266 1564 276 —-
1597 232 2035 290 NONUMENTA
2071 233 2537 292 GREGORIANA.

3289 238 3427 294 1386

169 354 244 411 ria
264 350 451 424 quinta
473 358 599 406 ante
622 348 837 405 Palmas
861 344 1048 419 (Mart.
1073 346 1165 418 2l)
1189 362 1315 403 cum
1328 361 1431 403 suo
1455 345 1738 401 Ravenna-
1767 356 1814 414 Α
1839 343 2153 411 dubitatur;
2193 344 2445 400 similiter
2484 352 2539 400 et
2573 358 2785 411 omnes,
2826 344 3161 416 quicumque
3197 346 3424 417 aliquid,

169 453 217 499 te
243 443 500 499 Guiberto
529 441 770 510 intravit.
816 438 1034 495 Nobiles
1062 450 1243 494 autem
1289 437 1521 493 Romani
1548 445 1743 507 praeter

168 534 449 591 admodum
472 548 674 603 paucos
697 548 823 588 eum
851 532 1054 588 domno
1079 546 1216 601 papa
1246 528 1510 599 Gregorio
1551 537 1743 583 tenue-

166 634 308 690 runt,
339 624 432 695 qui
460 633 514 678 et
546 624 617 679 40
641 624 859 680 obsides
887 623 936 678 ei
978 623 1262 678 dederunt.
1298 618 1446 692 Papa
1481 629 1664 676 autem
1684 620 1741 675 in

163 715 440 771 castellum
465 716 639 771 sancti
680 716 871 787 Angeli
917 731 976 770 se
1002 715 1224 785 recepit,
1251 728 1553 784 omnesque
1580 711 1741 767 Tibe-

164 808 308 861 rinos
333 816 525 876 pontes
553 816 607 862 et
629 807 895 881 firmiores
920 806 1295 861 Romanorum
1321 805 1657 861 munitiones
1682 804 1737 859 in

163 913 257 953 sua
300 897 862 968 obtinuit'potcstate.
910 896 968 952 In
994 898 1083 952 die
1128 897 1294 968 igitur
1322 895 1739 952 resurrectionis

160 986 439 1044 dominica:
473 987 662 1060 (Mart.
695 989 785 1061 '51)
833 986 1120 1043 lleinricus
1156 989 1225 1044 ab
1260 988 1611 1045 hcresiarcha
1636 1002 1739 1043 suo

159 1080 468 1136 Ravennate
494 1096 755 1136 coronam
792 1095 901 1135 non
942 1079 1129 1152 gloria
1170 1087 1253 1136 set
1281 1078 1625 1135 confusionis
1646 1094 1739 1133 ac—

156 1170 312 1241 cepit.
343 1169 480 1225 Nam
523 1172 839 1242 hujusmodi
886 1180 1199 1239 coronator,
1229 1169 1388 1242 juxta
1434 1169 1738 1225 attestatio-

155 1277 274 1316 nem
306 1271 622 1318 sanctorum
657 1272 873 1333 patrum
897 1306 912 1328 ,
945 1278 1057 1318 non
1091 1262 1547 1329 benedictionem,
1568 1278 1737 1333 quam

152 1353 407 1422 perdidit,
432 1363 513 1409 set
542 1354 970 1422 damnationem,
1013 1370 1177 1425 quam
1220 1355 1430 1420 habuit,
1455 1369 1559 1409 suo
1580 1370 1737 1409 coro-

152 1453 278 1499 nato
304 1446 584 1515 imposuit.
618 1446 747 1502 Erat
786 1449 933 1503 enim
974 1449 1089 1518 ipse
1115 1448 1410 1519 aliquando
1448 1447 1737 1505 Ravennae

147 1535 616 1608 archiepiscopus,
672 1549 726 1594 et
784 1538 1155 1594 omnimodam
1201 1538 1449 1595 Romano
1494 1539 1735 1610 pontiﬁci

148 1625 509 1683 obedientiam
537 1628 759 1699 juravit,
782 1646 947 1702 quam
979 1641 1033 1686 et
1054 1631 1316 1687 nonnullo
1339 1639 1581 1702 tempore
1603 1631 1735 1686 flde-

1844 433 1991 503 quod
2014 450 2045 488 a
2083 434 2289 490 domno
2310 450 2447 506 papa
2481 433 2889 505 suscipiendum
2917 442 3086 504 esset,
3109 449 3139 490 a
3170 436 3427 506 praedicto

1843 524 2191 581 heresiarcha
2238 526 2399 596 quasi
2430 534 2745 596 susceptum
2795 534 3217 595 usurpaverunt.
3250 526 3427 583 Mora-

1842 618 2004 673 batur
2029 630 2211 676 autem
2259 610 2635 677 Heinricus'in
2669 620 3027 677 Lateranensi
3058 621 3261 690 palatio
3297 638 3425 678 cum

1842 708 2157 768 Ravennate
2182 729 2305 779 suo,
2333 728 2436 769 nec
2469 730 2501 770 a
2547 714 2799 770 ﬁdelibus
2834 729 2988 785 papze
3011 713 3080 746 ⁸³⁸
3106 730 3202 785 per
3231 713 3424 770 civita-

1841 810 1951 857 tem
1982 803 2051 857 ad
2075 802 2335 859 Sanctum
2365 805 2587 860 Petrum
2608 805 2841 861 transire
2870 805 3302 875 permittebatur.
3333 805 3429 863 Set

1841 894 1897 948 in
1928 893 2045 964 ipsa
2075 895 2318 966 paschali
2364 897 2666 952 ebdomada
2711 896 2888 967 (Αρν.)
2928 897 3113 953 fideles
3142 898 3431 969 apostolici

1839 984 1980 1040 bello
2007 986 2339 1064 aggreditur,
2388 988 2444 1042 in
2482 1004 2590 1059 qua
2636 989 3025 1060 congressione
3072 988 3143 1045 40
3183 1004 3323 1062 pene
3359 1006 3429 1048 ex

1838 1077 1957 1132 suis
1985 1076 2127 1132 inter
2175 1087 2424 1135 mortuos
2450 1088 2503 1134 et
2527 1080 2839 1136 vulneratos
2884 1081 3135 1150 perdidit,
3178 1098 3305 1137 nam
3341 1100 3429 1139 re-

1838 1166 1975 1238 liqui
2020 1166 2313 1241 fugerunt;
2363 1185 2432 1226 ex
2474 1180 2629 1242 parte
2663 1180 2846 1228 autem
2905 1172 3097 1228 domui
3139 1188 3293 1244 papae
3324 1190 3429 1231 nec

1837 1274 1982 1315 unus
2004 1261 2219 1317 cecidit.
2250 1260 2627 1321 Heremannus
2669 1272 2853 1320 autem
2900 1280 2996 1319 rex
3031 1266 3234 1336 pascha
3285 1266 3428 1322 cele—

1836 1352 2016 1407 bravit
2035 1352 2091 1408 in
2118 1352 2359 1417 Saxonia
2390 1355 2601 1428 (1556),
2629 1357 2720 1414 tibi
2758 1366 2814 1411 et
2848 1357 3100 1412 maxima:
3128 1366 3334 1415 treuvae
3357 1358 3427 1391 ⁵³⁸

1836 1441 1979 1498 inter
2007 1444 2194 1500 ﬁdeles
2222 1446 2407 1500 domui
2433 1461 2587 1518 papa:
2634 1446 2792 1502 factae
2815 1456 2964 1513 sunt,
2994 1464 3117 1519 qua:
3141 1458 3195 1505 et
3222 1450 3278 1504 in
3310 1457 3428 1507 toto

1834 1548 1973 1603 pene
2015 1533 2444 1593 Teutonicorum
2482 1552 2653 1609 regno
2694 1553 2803 1593 non
2856 1540 3031 1594 multo
3069 1549 3195 1609 post
3227 1541 3430 1598 confir-

1834 1633 1996 1680 matae
2025 1637 2174 1682 sunt.
2216 1627 2531 1685 Roubertus
2558 1628 2880 1687 Wiscardus
2907 1632 3017 1689 dux
3051 1630 3431 1689 Nordmanno—

145 1716 266 1774 liter
288 1730 557 1776 executus
585 1731 686 1777 est.
722 1721 817 1777 Set
847 1737 958 1778 non
990 1724 1164 1779 multo
1204 1731 1347 1793 post,
1372 1732 1557 1794 spreto
1578 1724 1737 1794 jura-
1770 1724 1813 1778 Β
1840 1732 1963 1771 rum
1991 1717 2176 1790 (1555)
2205 1718 2258 1774 in
2288 1720 2584 1776 servicium
2606 1722 2783 1783 sancti
2822 1720 2966 1777 Petri
3009 1729 3134 1794 post
3154 1721 3273 1777 Kal.
3297 1720 3427 1778 “aii

142 1821 347 1878 mento,
389 1812 655 1884 singulari
680 1814 1026 1871 contumacia
1047 1822 1240 1871 contra
1266 1816 1621 1886 apostolicam
1645 1832 1733 1872 se-

140 1904 261 1958 dem
286 1904 543 1976 erigitur,
569 1908 715 1963 unde
735 1916 791 1963 et
812 1908 880 1962 ab
902 1908 1202 1978 apostolica
1232 1908 1358 1964 sede
1379 1902 1564 1979 (1550)
1586 1916 1641 1963 et
1664 1908 1734 1963 ab

140 1996 415 2067 episcOpis
445 1999 614 2055 totius
659 1999 886 2055 :eclesim
924 2000 977 2054 in
1025 1999 1271 2055 Romana
1307 2000 1501 2056 sinodo
1547 1999 1731 2072 (1551)

141 2098 261 2158 post
291 2092 597 2148 canonicas
622 2092 873 2147 inducias
913 2092 1419 2162 inrecuperabiliter
1441 2092 1735 2162 deponitur

139 2189 193 2233 et
235 2174 770 2249 anathematizatur;
826 2198 929 2238 nec
972 2183 1075 2238 hoc
1125 2184 1313 2249 semel,
1381 2197 1483 2239 nec
1520 2185 1575 2238 in
1620 2198 1734 2239 una

138 2270 352 2339 sinodo,
401 2286 487 2328 set
533 2273 586 2329 in
644 2273 900 2330 omnibus
923 2274 1151 2341 sinodis,
1184 2282 1453 2345 quotquot
1487 2275 1602 2344 jam
1646 2289 1734 2330 se-

137 2363 337 2418 xennio
368 2363 443 2397 διο
488 2363 675 2420 Romae
723 2365 1007 2420 celebrata:
1041 2374 1185 2420 sunt.
1240 2363 1339 2421 llic
1392 2364 1558 2436 igitur
1585 2364 1653 2397 δίί
1675 2364 1734 2419 in

134 2452 379 2522 perjurio
412 2455 492 2509 ita
519 2455 872 2523 inveteratus,
905 2464 959 2510 et
990 2471 1093 2528 pro
1132 2457 1323 2513 eodem
1367 2457 1552 2526 sepius
1583 2456 1730 2512 inre-

122 2545 462 2601 vocabiliter
513 2547 792 2618 depositus
852 2559 905 2604 et
965 2549 1495 2616 anathematizatus,
1545 2551 1732 2605 sedem

133 2631 367 2693 Romani
396 2639 699 2710 pontificis,
724 2641 812 2695 cui
853 2640 1221 2695 obedientiam
1243 2642 1469 2711 juravit,
1495 2656 1592 2711 per
1614 2656 1731 2696 ma-

128 2741 234 2782 nus
262 2730 884 2798 anathematizatorum,
930 2741 1118 2803 utpote
1146 2733 1234 2787 sui
1279 2732 1564 2799 similium,
1601 2745 1734 2803 prte-

129 2819 290 2877 terito
318 2836 482 2878 anno
508 2822 577 2857 ⁵¹²
598 2824 819 2892 invasit,
849 2825 1093 2896 legitimo
1113 2832 1332 2896 pastore
1354 2825 1532 2881 adhuc
1554 2826 1730 2881 eidem

124 2910 242 2967 sedi
299 2913 661 2984 prtesidente.
713 2914 918 2988 Nempe
973 2910 1295 2981 Mutinensis
1357 2923 1411 2972 et
1482 2917 1731 2974 Aritinus

120 3003 449 3078 exepismpi
488 3023 614 3063 cum
654 3008 882 3081 reliquis
916 3010 1404 3065 excommunicatis
1424 3024 1550 3065 eum
1576 3011 1728 3066 ordi-

1833 1806 2066 1865 Romam
2108 1820 2317 1867 armata
2352 1828 2520 1869 manu
2555 1813 2775 1882 invasit,
2804 1813 3104 1887 fugatoque
3141 1814 3423 1882 Heinrieo,

1832 1908 2003 1956 totam
2030 1902 2221 1959 urbem
2253 1903 2517 1978 Gregorio
2537 1922 2692 1978 papa:
2712 1908 2969 1965 rebellem
3011 1910 3231 1981 penitus
3252 1924 3424 1982 expo—

1832 1990 2003 2058 liavit,
2025 2001 2079 2047 et
2099 1993 2363 2065 majorem
2395 1997 2517 2067 ejus
2561 2008 2773 2068 partem
2820 1999 2933 2070 igni
2971 2002 3335 2072 consumpsit,
3357 2015 3425 2057 eo

1832 2084 1981 2154 quod
2027 2083 2261 2141 Romani
2325 2087 2601 2159 quendam
2651 2089 2772 2161 ejus
2817 2090 3045 2147 militem
3095 2091 3425 2148 vulnerave—

1831 2176 1945 2230 rint
1965 2175 2052 2230 “'.
2080 2175 2284 2233 Deinde
2306 2181 2546 2251 acceptis
2580 2181 2868 2241 obsidibus
2894 2199 2927 2238 a
2966 2182 3261 2251 Romanis,
3285 2193 3341 2241 et
3366 2185 3427 2242 in

1831 2268 2061 2324 castello
2101 2270 2277 2325 sancti
2306 2269 2522 2344 Angeli,
2550 2275 2699 2346 quod
2731 2275 2957 2331 domum
2987 2274 3310 2333 Theoderici
3334 2278 3424 2333 di-
3456 2268 3463 2277 ’

1831 2368 1986 2423 cunt.
2012 2360 2327 2430 reservatis,
2358 2363 2478 2434 ipse
2509 2364 2579 2419 ad
2599 2368 3029 2437 recuperandam
3059 2378 3263 2424 terram
3298 2384 3428 2426 san-

1831 2450 1906 2506 cti
1934 2449 2082 2505 Petri
2119 2466 2246 2506 cum
2297 2467 2439 2525 papa
2485 2451 2750 2527 Gregorio
2792 2457 2858 2512 de
2907 2455 3079 2512 Roma
3124 2459 3426 2514 exercitum

1831 2544 2127 2613 promovit,
2154 2545 2353 2600 iterum
2394 2544 2626 2601 Romam
2658 2548 2713 2603 in
2760 2548 3052 2603 festivitate
3080 2549 3253 2604 sancti
3280 2548 3427 2605 Petri

1832 2649 2175 2691 reversurus.
2204 2633 2261 2689 ιη
2311 2634 2463 2691 brevi
2486 2643 2668 2692 autem
2714 2637 2951 2707 plurima
2998 2640 3220 2694 castella
3255 2648 3311 2694 et
3345 2639 3427 2695 ci-

1833 2727 2028 2782 vitates
2055 2727 2260 2782 domno
2288 2743 2443 2799 papae
2485 2730 2846 2800 recuperavit.
2895 2729 3186 2787 Heinricus
3239 2740 3425 2791 autem

1833 2815 2112 2874 Rouberto
2143 2819 2398 2874 resistere
2421 2835 2532 2876 non
2556 2820 2765 2887 valens,
2798 2821 2866 2877 ad
2887 2830 3072 2892 partes
3093 2822 3426 2880 Teutonico-

1835 2924 1957 2964 rum
1995 2909 2131 2965 satis
2157 2907 2414 2965 festinato
2437 2911 2725 2967 revertitur
2746 2909 2925 2982 (Ιαη.)

1905 2998 2109 3057 Eodem
2140 3010 2383 3071 tempore
2415 3001 2618 3058 milites
2638 3003 3080 3074 prudentissimae
3114 3004 3272 3060 ducis
3302 3004 3420 3061 Ma-

117 3076 440 3164 uaverunt;
501 3097 595 3167 qui
621 3076 839 3153 etiarnsi
881 3098 1135 3154 catholici
1179 3106 1383 3166 essent,
1430 3106 1485 3153 et
1509 3108 1730 3169 εροειο.
1755 3076 1796 3133 C
1828 3091 2015 3147 thildae
2054 3091 2110 3148 in
2151 3091 2531 3165 Lougobardia
2572 3103 2762 3150 contra
2808 3094 3049 3150 fautores
3087 3092 3330 3151 Heinrici
3368 3107 3425 3153 et
3469 3165 3472 3169 ,

113 3184 219 3242 lica
247 3188 417 3244 sedes
444 3186 640 3260 (1552)
676 3197 949 3260 pastorem
974 3206 1085 3246 non
1127 3189 1375 3257 haberet,
1408 3191 1619 3247 nullum
1640 3199 1727 3249 ta-

117 3292 247 3334 men
279 3279 472 3335 eidem
503 3280 619 3337 sedi
645 3281 958 3352 pontiﬁcem
991 3281 1247 3337 ordinare
1281 3290 1524 3353 possent.
1553 3281 1728 3354 Hujus

114 3368 268 3424 enim
295 3370 675 3429 ordinationis
695 3372 1038 3445 privilegium
1067 3373 1200 3429 solis
1224 3364 1594 3431 cardinalibus
1613 3375 1728 3449 epi-

114 3461 327 3532 scopis,
375 3460 650 3531 Ostiensi,
690 3464 987 3521 Albanensi
1021 3473 1077 3521 et
1122 3466 1414 3522 Portuensi
1452 3465 1522 3499 ⁸⁸³
1546 3483 1578 3524 a
1600 3484 1729 3526 san-

112 3552 220 3609 ctis
242 3555 518 3625 patribus
544 3565 630 3612 est
650 3572 998 3627 concessum,
1020 3572 1122 3614 nec
1147 3558 1423 3630 aliquibus
1446 3560 1569 3617 aliis
1596 3576 1729 3618 eon-

108 3645 360 3713 ceditur,
392 3646 540 3718 ipsis
560 3647 667 3704 hoc
694 3648 992 3720 adimplere
1011 3651 1338 3707 valentibus.
1360 3650 1455 3707 Set
1480 3653 1536 3708 hi
1557 3652 1729 3710 liben-

110 3737 224 3793 tius
250 3738 455 3793 omnia
508 3748 766 3795 extraema
810 3749 1147 3812 paterentur,
1195 3758 1363 3814 quam
1394 3751 1521 3813 (tam
1557 3746 1728 3801 sacri-

102 3828 245 3900 lege
295 3830 654 3887 ordinationi
707 3840 821 3887 tam
878 3833 1259 3903 superbissimi
1314 3836 1728 3906 praesumptoris

100 3917 526 3986 miscerentur,
575 3934 738 3991 quem
786 3927 842 3975 et
882 3920 988 3993 ipsi
1017 3936 1144 3977 cum
1186 3923 1389 3978 domno
1429 3924 1728 3994 apostolico

98 4010 353 4069 sinodali
394 4009 620 4082 judicio
660 4012 925 4070 canonice
965 4012 1318 4069 damnarunt.
1366 4012 1510 4086 Ergo
1540 4014 1726 4088 (1555)

97 4103 463 4161 Mutinensis
514 4111 571 4158 et
610 4103 857 4162 Aritinus
894 4122 1021 4163 cum
1058 4092 1285 4178 reliquis
1329 4108 1586 4165 heretieis
1619 4108 1728 4166 Ra-

94 4203 415 4250 vennatem
444 4193 607 4249 illum
631 4209 741 4250 non
768 4195 823 4250 in
845 4190 1152 4253 Romanum
1171 4196 1557 4267 patriarcham,
1580 4200 1728 4270 quod

94 4290 261 4346 nullo
296 4288 484 4345 modo
535 4298 849 4360 potuerunt,
874 4299 957 4345 set
983 4291 1037 4346 in
1079 4290 1556 4347 damnatissimum
1577 4291 1729 4348 here-

1831 3183 2083 3240 inimicos
2112 3184 2288 3240 sancti
2314 3182 2461 3240 Petri
2488 3185 2718 3242 viriliter
2757 3196 3157 3259 pugnaverunt,
3197 3202 3267 3242 ex
3295 3188 3419 3259 qui-

1830 3275 1936 3331 bus
1967 3275 2280 3347 episcopum
2330 3275 2683 3334 Parmcnsem
2736 3286 2790 3333 et
2841 3293 2935 3333 sex
2986 3276 3056 3310 δι’
3106 3278 3426 3351 capitaneos

1830 3380 1956 3422 cum
2011 3365 2135 3421 aliis
2186 3365 2300 3422 fere
2352 3376 2573 3424 centum
2622 3368 2784 3426 bonis
2830 3369 3095 3425 militibus
3139 3379 3421 3441 ceperunt.

1830 3455 2014 3529 Equos
2039 3458 2205 3513 etiam
2233 3459 2355 3530 plus
2381 3476 2549 3530 quam
2578 3461 2924 3533 quingentos,
2970 3469 3025 3517 et
3069 3461 3270 3518 loricas
3297 3462 3423 3532 plu-

1830 3550 2021 3618 rimas,
2048 3558 2102 3605 et
2125 3552 2308 3607 omnia
2338 3552 2571 3608 tentoria
2607 3553 2979 3620 inimicorum,
3003 3554 3235 3624 plenitcr
3264 3555 3426 3625 potiti

1827 3642 2076 3709 victoria,
2114 3641 2442 3699 habuerunt.
2500 3643 2790 3702 Heinricus
2820 3661 2951 3702 vero
2987 3646 3133 3702 circa
3162 3644 3280 3701 Kal.
3313 3645 3428 3701 Au-

1830 3734 1972 3804 gusti
2000 3734 2398 3804 expeditionem
2428 3735 2486 3790 in
2531 3734 2787 3793 Sueviam
2822 3739 3036 3808 paravit
3077 3736 3295 3808 (Aug.);
3341 3744 3426 3793 set

1832 3822 2026 3879 Suevis
2068 3825 2168 3880 sibi
2218 3826 2589 3893 obviantibus,
2635 3843 2878 3898 pugnare
2928 3827 3126 3896 noluit,
3172 3828 3428 3898 quamvis

1828 3928 1955 3969 eum
1977 3913 2174 3971 erectis
2197 3916 2412 3972 vexillis
2435 3917 2686 3988 pluribus
2714 3918 2907 3974 diebus
2936 3918 3004 3973 ad
3038 3933 3276 3990 pugnam
3297 3934 3428 3989 pro-

1822 4005 2161 4074 vocaverint,
2187 4014 2241 4062 et
2259 4023 2326 4064 ex
2361 4008 2479 4064 suis
2498 4008 2622 4078 plus
2649 4024 2814 4080 quam
2848 4017 3069 4065 centum
3094 4009 3177 4064 vel
3203 4009 3423 4066 occide-

1829 4098 1940 4153 rint
1963 4098 2047 4154 vel
2080 4098 2491 4170 captivaverint.
2529 4097 2666 4158 Nam
2695 4115 2863 4173 prope
2888 4100 3079 4156 Licum
3102 4100 3303 4156 flumen
3332 4117 3425 4156 ca-

1830 4197 1944 4246 stra
1969 4197 2205 4246 metatus
2236 4198 2342 4257 est,
2385 4191 2544 4263 cujus
2581 4191 2702 4262 ripa
2741 4192 3008 4260 munitus,
3065 4192 3134 4247 ab
3174 4192 3427 4249 hostibus

1824 4298 1941 4340 non
1968 4282 2127 4340 facile
2146 4283 2325 4356 potuit
2343 4283 2543 4339 invadi.
2595 4284 2757 4340 Suevi
2780 4290 2963 4340 autem
2985 4298 3053 4339 ex
3074 4284 3244 4339 altera
3268 4294 3429 4355 parte

94 4380 399 4436 siarcham
465 4388 906 4450 promoverunt;
970 4387 1032 4434 ut
1085 4388 1292 4450 quanto
1367 4379 1531 4436 altius
1586 4382 1727 4437 inter
1759 4376 2072 4476 l)f'luminis
2093 4376 2149 4432 in
2176 4386 2472 4448 conspectu
2499 4377 2620 4448 ejus
2659 4386 2841 4476 castra
2878 4376 3068 4433 metati
3108 4385 3258 4445 sunt,
3287 4379 3428 4437 satis

94 4472 259 4543 ipsos
283 4469 363 4503 διδ
389 4468 695 4537 emineret,
725 4477 876 4525 tanto
909 4469 1136 4539 majoris
1171 4469 1538 4551 damnationis
1558 4470 1728 4541 privi-
1761 4466 1799 4476 ⁷
1831 4484 1864 4524 a
1885 4469 2001 4540 ripa
2032 4469 2287 4539 separati,
2318 4484 2387 4524 ne
2410 4468 2662 4525 hostibus
2693 4466 3006 4524 facultatem
3037 4469 3431 4529 transvadandi

82 4560 314 4636 legium
370 4557 716 4632 possideret.
761 4558 1103 4631 Quapropter
1137 4570 1191 4615 et
1216 4557 1503 4621 Heinricus
1532 4561 1600 4616 ab
1632 4573 1727 4617 eo-
1832 4562 2207 4619 interclusisse
2235 4562 2568 4618 viderentur.
2619 4559 2713 4616 Set
2759 4559 2997 4627 frustra:
3041 4576 3171 4615 nam
3210 4559 3441 4624 Heinr-1-

82 4657 226 4714 dem
255 4657 668 4720 incoronatus,
692 4653 1094 4709 damnationem
1124 4653 1245 4724 ejus
1265 4652 1597 4710 hereditasse
1615 4667 1725 4708 non
1835 4669 1934 4712 cus
1958 4652 2193 4710 transire
2226 4653 2423 4724 noluit,
2455 4653 2540 4709 vel
2566 4652 2751 4723 potius
2780 4666 2891 4706 non
2919 4652 3290 4724 prmsumpsit,
3340 4664 3457 4735 qm

1425 4833 1660 4892 varum:
1703 4801 2111 4892 Lacrimas.

165 4956 243 4992 uo
297 4948 617 5028 sgptennio
659 4949 810 5028 habet
843 4946 1028 5028 (ξςιίεΙι.
1085 4944 1285 5028 Satist).
1365 4946 1593 5028 “‘"ergo
1628 4944 1694 5028 2.Δ

1866 4956 2017 5028 wet-
2054 4959 2201 5000 anno
2229 4944 2370 5028 ἀέξει
2398 4964 2487 5017 αρο
2517 4940 2907 5028 ίὶίξὲεὶιανέειηξ-
2955 4940 3150 5028 ,δ’ἴὲξ
3176 4937 3302 5028 ἔθεε
3342 4966 3532 5028 rem

95 5035 147 5083 ι,
224 5009 404 5078 υἱεῖ,
429 5021 564 5117 l‘oco
599 5020 796 5101 αωοβ.
818 5090 836 5117 ⁸
875 5014 1279 5117 “'“p._populis
1304 5031 1401 5085 per
1427 5009 1553 5117 ι]ἱεῖ
1572 5022 1760 5071 contra
1792 5009 2172 5100 auctoritatem
2205 5009 2469 5072 codicum.
2551 5012 2619 5045 ⁸⁸⁸
2651 5021 2832 5067 trewaa
2863 5013 2919 5070 l.
2950 5022 3157 5079 treugte
3178 5009 3233 5062 5.
3260 5009 3565 5102 ιιιεςὶζθ

94 5100 181 5154 ιδ,
276 5096 354 5129 ιη
386 5090 866 5149 wineraverintl.
939 5084 1008 5118 ‘“
1046 5084 1101 5143 iit
1136 5084 1258 5138 loco
1310 5084 1434 5141 fato
1482 5086 1532 5140 1ο

1648 5176 1894 5246 ΝΟΤᾸΞ,

164 5274 367 5356 r1350)
412 5269 832 5356 “garriam
869 5265 1094 5356 9545:
1109 5264 1619 5356 ceterasgetes
1648 5268 1724 5356 ad

1854 5269 2212 5356 θερςιὶῃᾱιέηε
2240 5266 2553 5356 Salisbnrg.
2567 5352 2582 5356 _
2592 5352 2614 5356 __
2719 5353 2745 5356 η
2755 5344 2773 5356 Δ
2822 5333 2874 5356 η
2887 5338 2900 5356 ε

86 5333 329 5409 verbum
344 5333 696 5414 concidunt
717 5354 780 5395 cu
788 5336 1091 5414 mﬁepistola
1106 5333 1660 5414 Ge-bebaildi_salisbu
1668 5354 1721 5393 r-

1861 5333 2110 5414 --ᾱὲὸω
2138 5337 2362 5414 ἕωᾳῇ
2394 5333 2791 5413 “amaverunt.
2822 5333 2964 5396 Ibid.

86 5354 329 5409 verbum
365 5354 696 5400 concauum
717 5354 841 5395 cum
862 5354 1091 5406 episza
1106 5354 1418 5393 uenenarai
1447 5354 1721 5397 Satisnur-
1950 5354 2110 5414 (εδδ)
2138 5354 2362 5409 ωσο-
2394 5361 2428 5413 ρ

80 5420 279 5474 censis
303 5412 479 5474 apud
500 5405 795 5474 ﬁngentem
823 5406 1114 5463 Flaviniac.
1147 5402 1323 5460 Mansi
1346 5406 1465 5474 XX,
1495 5409 1617 5464 54ft.
1925 5354 2111 5474 $1534)
2146 5409 2432 5468 3031mm.
