3996 5474
551 231 688 291 1587

1520 231 1610 284 AD
1644 229 1873 286 OPERA
1907 227 1963 284 S.
2006 227 2334 285 GREGORII
2372 225 2819 282 APPENDICES.

3673 229 3798 284 1388

547 356 600 403 et
626 353 750 417 post
773 344 1074 401 discessum
1101 341 1424 410 Suevorum,
1454 343 1651 400 timens
1667 343 1894 400 insidias
1910 357 2122 410 eorum,
2151 344 2200 401 Α
2225 343 2478 408 secravit,
2518 357 2682 412 quem
2707 341 2773 374 "'
2798 339 2989 410 pridie,
3021 339 3074 396 id
3100 346 3185 397 est
3221 341 3280 395 in
3312 339 3611 396 festivitate
3635 343 3801 398 sancti

548 453 720 494 unum
751 451 887 508 pene
911 436 1056 491 diem
1084 435 1254 504 ripam
1282 435 1588 506 relinquere
1613 435 1910 507 pertimuit.

619 529 862 584 Tandem
914 526 1200 582 Heinricus
1241 525 1594 597 Ratisponam
1641 528 1956 593 revertitur,
2003 526 2130 582 inde

547 625 690 678 ultra
721 621 932 677 Renum
961 619 1290 690 Mogontiam
1325 619 1707 689 proﬁciscitur,
1742 617 2129 676 nichilominus

546 723 601 769 et
630 711 791 768 Suevi
816 712 960 766 ultra
981 709 1194 766 Renum
1217 709 1586 780 Burgundiam
1627 725 1752 764 cum
1791 708 2131 780 expeditione

545 803 988 874 proﬁciscuntur,
1010 809 1065 855 et
1092 801 1365 870 quoddam
1389 801 1670 856 castellum
1693 799 1929 854 Bertaldi
1953 799 2128 864 ducis,

545 895 644 951 ﬁlii
677 894 822 966 regis
846 892 1116 956 Roudolﬁ,
1147 907 1179 946 a
1209 891 1513 946 fautoribus
1542 889 1782 947 Heinrici
1820 891 2128 956 obsessum,

543 987 776 1042 viriliter
819 985 1154 1054 eripuerunt.
1215 981 1352 1036 Nam
1394 982 1721 1052 quibusdam
1774 981 2133 1051 rapidissimis

545 1078 866 1134 fluminibus
888 1053 1269 1141 transvadatis,
1291 1075 1375 1130 vel
1395 1074 1579 1144 potius
1600 1053 1978 1140 tra'nsnatatis,
2000 1073 2136 1129 adeo

547 1171 865 1226 obsessores
885 1167 1110 1234 castelli,
1123 1167 1250 1223 licet
1267 1167 1446 1240 adhuc
1459 1167 1618 1236 longe
1634 1165 1818 1244 positi,
1829 1173 2137 1236 perterrue-

546 1267 695 1328 runt,
723 1269 787 1316 ut
811 1259 1016 1314 relictis
1044 1259 1432 1330 papilionibus,
1455 1257 1612 1328 equis
1639 1265 1694 1312 et
1713 1257 1920 1324 loricis,
1943 1259 2012 1312 ab
2039 1258 2137 1313 ob-

548 1352 762 1407 sidione
793 1351 996 1422 passim
1028 1350 1373 1422 diffugerent,
1405 1365 1507 1406 nec
1545 1349 1800 1418 deinceps
1836 1349 1892 1404 in
1923 1349 2011 1403 illa
2039 1365 2136 1404 ex-

546 1445 821 1515 peditione
851 1442 1064 1510 Suevis,
1097 1451 1300 1498 terram
1331 1457 1524 1497 eorum
1563 1439 1732 1508 ferro,
1763 1441 1945 1513 prada
1978 1449 2033 1496 et
2055 1441 2140 1494 iu-

2219 431 2468 500 ‘l‘homaa,
2499 449 2626 488 cum
2663 432 2785 488 aliis
2819 431 3029 488 clericis
3051 431 3412 502 presbiterum
3459 433 3622 501 fecit;
3671 433 3806 488 inter

2226 539 2366 594 quos
2385 533 2441 578 et
2461 524 2657 579 borum
2678 523 3026 579 cronicorum
3053 513 3376 594 scriptorem
3407 523 3465 578 in
3485 524 3685 580 eadem
3708 525 3810 578 sol-

2227 614 2505 670 lemnitate
2550 615 2619 670 ad
2664 615 3046 685 presbiterium
3089 616 3160 648 m
3199 616 3490 691 promovit,
3547 615 3713 684 eique
3749 615 3813 647 ⁸⁸³

2228 713 2551 776 potestatem
2577 705 2649 761 ad
2675 705 3054 776 suscipiendos
3073 705 3378 778 penitentes
3418 721 3490 760 ex
3523 705 3814 776 apostolica

2231 801 2556 856 auctoritate
2590 802 2862 858 concessit
2901 801 3106 873 (1559).

2699 897 2707 906 ’
2865 891 3006 946 MLX
3017 891 3180 948 XXV.

2303 982 2682 1040 Heremannus
2719 999 2816 1039 rex
2857 985 3094 1039 natalem
3126 983 3344 1038 Domini
3390 983 3644 1052 Goslarie
3685 983 3817 1038 cele-

2231 1075 2429 1142 bravit,
2461 1076 2530 1131 ad
2555 1075 2627 1109 ⁶⁸⁸
2651 1092 2816 1146 quem
2838 1075 2908 1108 ⁸³⁸
2936 1076 3194 1147 prmlatus
3215 1075 3286 1109 ⁸⁸⁵
3309 1074 3584 1131 Ostiensis
3612 1074 3683 1106 ⁸⁸⁸
3709 1075 3817 1144 epi-

2235 1182 2436 1237 scopus
2461 1166 2532 1200 "“
2560 1175 2686 1237 post.
2710 1165 3144 1237 ““epipbaniam
3173 1167 3243 1200 διδ
3269 1167 3519 1238 pervenit
3557 1167 3612 1220 in
3649 1165 3816 1219 Saxo-

2235 1257 2406 1324 niam,
2449 1266 2504 1312 et
2544 1256 2818 1327 colloquio
2858 1256 3040 1328 (1340)
3088 1255 3334 1312 interfuit
3381 1256 3531 1326 quod
3582 1254 3818 1309 Saxones

2237 1357 2431 1404 contra
2459 1347 2529 1382 “'t
2555 1346 2797 1402 Heinrici
2818 1347 2888 1380 ’δ”ι
2915 1346 3158 1402 fautores
3181 1347 3254 1380 ⁸³⁸
3282 1347 3651 1402 condixerunt
3677 1343 3813 1415 (Jan.

2239 1439 2352 1511 21),
2382 1448 2443 1494 ut
2464 1439 2568 1494 hoc
2589 1439 2694 1494 illis
2716 1440 3029 1510 probarent,
3067 1455 3126 1494 se
3151 1439 3275 1510 jure
3311 1437 3633 1492 Heinricum
3677 1435 3817 1490 devi-

547 1537 742 1592 cendio
785 1535 1148 1602 vastantibus,
1189 1534 1446 1590 resistere
1487 1542 1902 1604 praesumerent.
1943 1532 2140 1604 Erepto
2236 1540 2358 1586 tare
2381 1539 2444 1586 ut
2462 1531 3017 1586 excommunicatum.
3069 1529 3225 1597 Quod
3253 1537 3310 1585 et
3348 1528 3498 1584 facto
3529 1527 3816 1598 colloquio,

548 1626 713 1697 igitur
762 1626 1008 1692 castello,
1037 1625 1402 1696 congruisque
1430 1623 1708 1678 alimentis
1742 1623 1812 1655 ⁸⁸³
1847 1623 1902 1678 ἰη
1935 1639 2140 1678 annum
2173 1683 2214 1697 ἢ
2242 1621 2454 1678 decima
2492 1622 2682 1692 quinta
2711 1622 2799 1677 die
2825 1630 2950 1693 post
2973 1621 3317 1692 epiphaniam
3358 1621 3681 1675 ﬁrmissime
3701 1634 3817 1690 pro-

445 1757 452 1765 .
544 1683 873 1786 praemunito
897 1757 912 1781 ,
965 1683 1366 1784 destruhtisqne
1412 1713 1742 1784 quibusdam
1789 1712 2138 1769 inimicorum
2173 1683 2216 1737 Β
2241 1715 2526 1780 baverunt,
2549 1729 2613 1769 ea
2643 1713 2890 1770 videlicet
2913 1714 3146 1780 ratione,
3175 1712 3307 1783 quia
3333 1711 3626 1768 Romanus
3650 1710 3820 1782 ponti-

546 1805 966 1872 munitionibus,
999 1804 1162 1860 Suevi
1191 1819 1317 1860 cum
1341 1819 1475 1874 pace
1505 1804 1560 1858 in
1583 1819 1682 1859 sua
1710 1803 1920 1858 rediere
1943 1801 2134 1874 (0ct.).

546 1895 769 1952 Interim
807 1895 1096 1952 lleinricus
1129 1903 1460 1967 congregata
1496 1895 1843 1952 multitudine
1869 1895 2140 1951 scismati-

545 2003 758 2056 corum,
805 1989 1166 2055 Wecilonem,
1216 1989 1477 2044 clericum
1529 1987 1983 2044 Halverstatensis
2026 1988 2140 2059 epi-

543 2083 699 2154 scopi
738 2081 1049 2154 fugitivum,
1081 2081 1443 2154 Mogontiensi
1472 2083 1786 2153 episcopatu
1815 2099 2140 2138 remunera-

545 2174 644 2242 vit,
667 2189 734 2229 eo
769 2175 915 2245 quod
947 2175 1023 2230 illi
1063 2174 1118 2228 in
1147 2175 1297 2229 omni
1321 2175 1621 2244 pertinacia
1655 2182 1847 2230 contra
1883 2173 2056 2230 Deum
2087 2183 2143 2230 et

544 2273 798 2320 sanctum
838 2263 1059 2320 Petrum
1089 2264 1396 2320 indefessus
1439 2273 1763 2335 cooperator
1798 2263 2007 2332 adfuit;
2046 2262 2142 2336 qui

547 2356 666 2426 ᾕρεε,
683 2357 797 2426 jam
823 2356 1030 2411 dudum
1057 2356 1551 2412 anathematizatus
1577 2356 1783 2427 (1536),
1821 2365 1877 2410 et
1909 2357 1980 2412 ab
2009 2372 2142 2412 ana-

547 2447 919 2503 thematizatis
947 2448 1173 2514 electus,
1204 2447 1597 2503 nichilominus
1627 2447 1792 2502 etiam
1817 2447 1888 2502 ab
1910 2448 2140 2504 anathe-

545 2538 823 2593 matizatis
849 2538 1008 2608 juxta
1027 2537 1305 2609 Pelagium
1332 2553 1528 2608 papam
1551 2551 1662 2592 non
1682 2545 2036 2593 consecratus
2059 2546 2144 2594 set

542 2638 836 2686 execratus
860 2639 963 2685 est.
1019 2627 1156 2686 Nam
1195 2629 1352 2700 juxta
1379 2628 1728 2685 beatissimos
1761 2637 1946 2700 patres
1973 2628 2140 2686 Inno-

547 2721 812 2787 centium,
842 2720 1078 2776 Leonem
1111 2729 1276 2791 atque
1295 2719 1638 2792 Gregorium,
1665 2719 1834 2775 nichil
1855 2720 1962 2776 nisi
1981 2721 2140 2776 dam-

550 2813 832 2868 nationem
860 2821 916 2868 et
937 2812 1373 2868 maledictionem
1395 2827 1428 2866 a
1451 2811 1724 2866 damnatis
1765 2811 2014 2882 accipere
2037 2828 2140 2883 po-

547 2904 674 2960 tuit'.
727 2903 973 2960 Domnus
1002 2912 1184 2960 autem
1221 2920 1380 2976 papa,
1409 2904 1637 2960 collecta
1684 2904 1877 2959 sinodo
1905 2903 2138 2972 Salerni,

545 2996 747 3050 iterum
787 2996 1114 3050 sententiam
1155 2995 1518 3051 anathematis
1563 2996 1617 3050 in
1660 2994 1944 3052 Gibertum
1979 2996 2139 3052 liere-
2169 3021 2210 3078 ο

548 3087 824 3153 siarchen,
850 3096 904 3142 et
936 3085 1275 3154 llcinricum,
1296 3096 1350 3143 et
1373 3086 1428 3142 in
1457 3103 1650 3144 omnes
1675 3105 1867 3144 eorum
1895 3087 2137 3145 fautores

548 3177 916 3249 promulgavit
963 3177 1180 3248 (1357);
1237 3179 1384 3250 quod
1424 3187 1480 3234 et
1518 3178 1574 3234 in
1623 3177 1916 3236 festivitate
1964 3181 2138 3236 sancti

547 3267 817 3324 Johannis
843 3269 1092 3339 baptista:
1109 3271 1382 3340 praeterita
1402 3271 1518 3341 jam
1543 3271 1749 3326 dudum
1773 3271 1961 3328 Roma:
1989 3271 2137 3339 fecit,

552 3341 677 3414 cum
707 3355 994 3414 Heinricus
1028 3359 1210 3414 adhuc
1239 3359 1313 3414 ibi
1355 3368 1680 3415 moraretur.
1735 3359 1885 3416 Hanc
1921 3369 2141 3416 senten-

550 3447 685 3501 tiam
712 3447 877 3517 legati
910 3447 1054 3502 sedis
1087 3448 1423 3516 apostolicae,
1450 3449 1702 3504 videlicet
1733 3449 1802 3481 ⁸¹⁰
1828 3448 2022 3506 Petrus
2043 3451 2140 3506 Al-

551 3535 810 3590 banensis
831 3535 1122 3606 episcopus
1163 3535 1216 3588 in
1247 3535 1498 3602 Francia,
1526 3535 1680 3591 Oddo
1713 3535 1982 3594 Ostiensis
2023 3540 2141 3610 epi-

549 3639 754 3696 scopus
775 3625 832 3678 in
857 3633 1000 3680 terra
1029 3624 1454 3682 Teutonicorum
1478 3643 1871 3700 usquequaque
1901 3629 2144 3701 divulga-

549 3723 700 3770 runt.
759 3702 1031 3772 Ostiensis
1073 3715 1259 3784 etiam,
1297 3731 1422 3771 cum
1456 3715 1789 3773 Alcmannia:
1815 3729 2140 3787 moraretur,

554 3814 758 3862 sancta:
780 3805 1191 3862 Constantiensi
1215 3807 1460 3876 aeclesize,
1495 3807 1609 3877 jam
1635 3809 1842 3864 dudum
1886 3811 2140 3877 viduatae,

555 3897 884 3953 catholicum
913 3907 1188 3968 pastorem
1209 3898 1479 3954 ordinavit
1507 3899 1712 3969 (1538),
1736 3901 1945 3958 scilicet
1964 3901 2140 3956 Gebe-

555 3989 790 4045 hardum
817 3987 1089 4044 Berthaldi
1120 3989 1278 4044 ducis
1303 3991 1494 4058 hlium,
1523 3991 1761 4046 nobilem
1800 3993 2020 4062 quidem
2047 4008 2142 4064 ge-

556 4095 705 4145 nere,
750 4087 832 4134 sct
871 4080 1195 4135 nobiliorem
1243 4081 1296 4134 in
1339 4082 1660 4138 monachica
1705 4084 2140 4140 conversatione.

557 4167 714 4226 Hunc
741 4186 874 4226 sane
902 4172 1156 4240 invitum,
1181 4173 1350 4229 immo
1385 4175 1618 4230 multum
1645 4175 1940 4245 ejulantem
1963 4192 2028 4232 ac
2051 4191 2142 4231 re-

556 4261 902 4328 clamantem,
929 4261 1443 4320 Constantiensibus
1469 4266 1684 4323 clericis
1709 4275 1762 4322 et
1787 4267 1942 4324 laicis
1961 4278 2145 4339 peten—

537 4353 705 4436 ‘tibus
729 4362 784 4410 et
805 4353 1488 4434 laudantibusepiscopum
1516 4358 1572 4412 11
1602 4356 1719 4413 Kal.
1745 4357 1990 4414 Januarii
2011 4375 2144 4416 con-

2243 1806 2332 1862 fex
2357 1805 2511 1860 illum
2531 1805 2612 1861 eis
2643 1821 2674 1860 a
2701 1820 2759 1860 se
2788 1805 2845 1860 in
2879 1803 3126 1860 Romana
3153 1805 3348 1860 sinodo
3393 1803 3819 1859 anathematiza-

2241 1905 2358 1953 tum
2392 1897 2566 1954 literis
2603 1898 2786 1970 (1541)
2826 1898 3255 1953 denunciaverit.
3301 1896 3626 1953 Adversarii
3652 1905 3822 1950 autem

2240 1991 2324 2046 eis
2351 1990 2691 2060 objecerunt,
2721 1990 2870 2062 quod
2911 2006 3052 2061 papa
3093 2005 3220 2046 eum
3263 1989 3579 2060 nequiverit
3617 2003 3823 2044 excom-

2243 2080 2544 2148 municare,
2580 2096 2647 2136 eo
2673 2081 2822 2151 quod
2849 2082 3154 2151 expoliatus
3191 2097 3302 2137 non
3343 2082 3588 2152 potuerit
3630 2081 3822 2142 vocari,

2237 2170 2494 2242 judicari,
2538 2171 2653 2227 sive
2678 2171 2930 2226 damnari
2964 2172 3168 2244 (1542).
3217 2172 3301 2228 Ad
3327 2173 3446 2228 hac
3475 2171 3723 2228 Saxones
3755 2185 3828 2225 re-

2244 2259 2602 2331 sponderunt,
2644 2276 2704 2316 se
2743 2261 3013 2331 judicium
3053 2261 3199 2317 sedis
3227 2261 3544 2332 apostolica:
3585 2275 3699 2316 non
3739 2261 3825 2315 de-

2243 2352 2372 2406 bere
2397 2352 2701 2407 detractare
2733 2351 2939 2423 (1545),
2971 2369 3071 2408 nec
3103 2368 3298 2424 posse;
3331 2354 3438 2409 hoc
3461 2369 3590 2408 cum
3617 2353 3709 2408 illo
3732 2366 3826 2423 po—

2242 2443 2353 2499 tius
2404 2444 2772 2512 traetandum,
2815 2445 2910 2515 qui
2960 2445 3111 2500 illum
3159 2445 3522 2512 damnaverit,
3573 2461 3686 2500 non
3711 2459 3826 2499 cum

2246 2535 2576 2606 Saxonibus,
2619 2537 2716 2609 qui
2751 2538 3089 2594 damnationi
3137 2539 3256 2610 ejus
3305 2555 3419 2595 non
3466 2537 3825 2602 interfuerint,

2243 2628 2340 2699 qui
2379 2629 2524 2684 sedis
2551 2629 2863 2700 apostolica:
2884 2629 3093 2700 judicio
3122 2629 3326 2684 nullam
3367 2629 3827 2691 retractationem,

2245 2728 2328 2774 set
2362 2721 2729 2776 obedientiam
2775 2721 3078 2778 debuerint.
3126 2721 3205 2776 Ita
3241 2722 3407 2794 igitur
3435 2722 3624 2777 soluto
3669 2722 3828 2776 (κουο-

2243 2811 2374 2882 quio
2407 2812 2710 2868 discessum
2736 2821 2820 2868 est
2849 2813 2918 2868 ab
2946 2813 3196 2870 invicem.
3245 2813 3326 2868 Eo
3373 2821 3628 2885 tempore
3672 2813 3832 2868 Hildi-

2242 2902 2633 2958 nisheimensis
2656 2904 2949 2974 episcopus
2979 2903 3162 2977 (13M)
3191 2921 3315 2960 cum
3359 2906 3479 2962 suis
3509 2906 3831 2977 sequacibus

2243 3009 2440 3049 manus
2473 2992 2755 3050 Saxonum
2796 2995 2889 3052 vix
2925 2997 3119 3064 evasit,
3157 3012 3224 3052 eo
3263 2998 3410 3068 quod
3453 3007 3652 3053 contra
3693 3013 3833 3054 com-

2245 3101 2410 3141 mune
2436 3095 2625 3142 votum
2658 3087 2830 3143 totius
2859 3086 3110 3144 Saxoniae
3158 3087 3532 3144 Heinricianis
3561 3106 3624 3146 se
3662 3089 3830 3144 admi-

2245 3177 2468 3232 scuerit.
2524 3177 2632 3232 Pro
2660 3179 2848 3234 eadem
2877 3179 3043 3235 etiam
3069 3181 3228 3250 culpa
3259 3195 3446 3236 comes
3468 3179 3834 3236 Theodericus

2244 3271 2436 3326 eodem
2466 3278 2709 3340 tempore
2737 3271 2955 3328 occisus
2991 3280 3078 3328 est
3105 3287 3136 3326 a
3168 3280 3371 3328 nostra:
3399 3275 3578 3342 partis
3610 3273 3834 3328 fautori-

2246 3362 2372 3417 bus.
2411 3360 2676 3418 Praefatus
2699 3379 2916 3434 quoque
2945 3364 3090 3420 sedis
3117 3363 3432 3435 apostolica:
3461 3365 3678 3437 legatus
3701 3379 3832 3436 pre-

2247 3454 2392 3509 dicto
2418 3454 2694 3524 episcopo,
2731 3472 2857 3511 cum
2887 3457 3054 3511 nollet
3091 3457 3429 3528 resipiscere,
3464 3456 3710 3514 ofﬁcium
3745 3472 3836 3530 pe-

2246 3545 2394 3600 nitus
2433 3545 2728 3602 interdixit.
2775 3545 3151 3604 Ileremannus
3201 3565 3298 3606 rex
3331 3549 3390 3605 in
3427 3549 3836 3621 Quitelineburg

2245 3636 2447 3706 pascha
2485 3637 2778 3692 celebravit
2816 3636 2968 3711 (Apr.
3016 3638 3144 3710 20);
3178 3641 3269 3695 ubi
3307 3649 3368 3695 ut
3395 3641 3614 3713 legatus
3659 3641 3835 3697 domui

2247 3727 2530 3798 apostolici
2561 3729 2615 3782 in
2651 3729 2767 3799 ipsa
2806 3729 3051 3800 paschali
3093 3732 3396 3801 epdomada
3423 3734 3736 3804 generalem
3762 3731 3835 3786 si-

2248 3819 2452 3874 nodum
2485 3819 2669 3891 (1315)
2719 3835 2844 3875 cum
2879 3821 3330 3892 archiepiscopis,
3359 3823 3640 3894 episcopis
3672 3833 3724 3879 et
3749 3822 3836 3876 ab-

2248 3911 2467 3966 batibus
2487 3911 2664 3966 sancti
2692 3910 2840 3968 Petri
2867 3911 3118 3969 ﬁdelibus
3147 3915 3487 3970 sollemniter
3527 3915 3833 3970 celebravit.

2239 4000 2492 4056 Interfuit
2523 4010 2707 4056 autem
2735 4003 2866 4058 huic
2891 4005 3086 4059 sinodo
3115 4003 3475 4061 Gebehardus
3509 4007 3835 4063 reverentis-

2245 4093 2418 4149 simus
2461 4091 2786 4150 Juvavensis
2823 4097 3292 4167 archiepiscopus.
3340 4096 3475 4152 Item
3514 4097 3836 4154 venerabilis

2243 4183 2548 4240 Hartwicus
2567 4183 3074 4258 Magideb'urgensis
3097 4189 3548 4260 archiepiscopus
3573 4207 3702 4246 cum
3727 4191 3836 4246 suis

2245 4274 2622 4347 suﬁ'raganeis.
2675 4275 2809 4332 Item
2857 4278 3188 4350 suﬁ'raganei
3217 4279 3548 4352 Mogontinae
3590 4283 3739 4337 sedis
3775 4281 3839 4336 de

2248 4364 2508 4422 Saxonia.
2550 4365 2687 4422 Nam
2729 4365 3203 4442 Wirceburgensis
3245 4371 3540 4442 episcopus
3577 4373 3762 4444 (1346)
3785 4381 3838 4425 et

1836 4471 2070 4530 VARLE
2109 4475 2511 4536 LECTIONES.

626 4560 698 4594 ⁴¹⁹
737 4559 1006 4630 praesidiis
1064 4559 1184 4616 Uss.
1230 4570 1415 4616 contra
1455 4564 1696 4618 codicum
1740 4567 2132 4622 auctoritatem.

556 4631 748 4686 addita
770 4639 891 4684 sunt
938 4631 990 4684 1.
1031 4630 1221 4685 desunt
1263 4632 1317 4686 2.
1423 4634 1491 4666 δ”
1523 4636 1588 4690 ad

557 4701 646 4756 ιι).
725 4700 871 4754 δ’δὶη
898 4699 1014 4755 loco
1041 4716 1162 4754 raso
1203 4700 1385 4756 littera
1415 4704 1610 4759 minori

2246 4569 2317 4651 f"
2375 4572 2519 4652 deest
2573 4575 2690 4629 ὢν
2774 4577 2844 4652 ξεί
2879 4593 3041 4652 quem
3063 4607 3134 4652 _——
3157 4579 3433 4633 concessit
3458 4579 3648 4652 littera
3678 4597 3834 4652 parra

1635 4637 2068 4759 presbyteratum
2113 4639 2203 4694 1b.
2243 4640 2302 4696 in
2358 4643 2734 4714 presbyterum
2773 4647 2826 4702 '5.
2895 4637 3000 4680 ’⁸η
3033 4647 3194 4718 eique
3222 4677 3290 4687 -—
3313 4651 3597 4706 concessit
3656 4637 3835 4707 deum

2091 4797 2325 4856 NOTAE.

852 4876 1229 4964 Nimirumnex
1277 4895 1344 4962 eo
1387 4889 1649 4964 tempore,
1701 4899 1811 4964 quo
1851 4887 1968 4956 jam
2012 4899 2138 4944 ante

558 4947 716 5031 suam
730 4947 1100 5032 intrusione‘m
1126 4947 1384 5032 Heinrico
1405 4947 1518 5032 regi
1541 4947 1644 5032 sub
1664 4947 2010 5032 anathemate
2035 4973 2138 5029 po-

549 5020 666 5144 Αἰξο
711 5019 824 5140 ([11:18
843 5007 1123 5085 servierat,
1167 5019 1250 5074 uti
1293 5007 1534 5090 loquitur
1591 5007 2138 5099 Urbaiiusnllmeplis‘t.

859 5155 1164 5240 Guibertum
1203 5160 1608 5240 hmresiqreham
1630 5170 1680 5218 et
1705 5181 1883 5240 omnes
1908 5167 2142 5240 fautores

558 5230 673 5299 ejus
693 5231 814 5296 post
841 5230 1155 5305 sententiam
1187 5230 1500 5286 venerabilis
1523 5248 1675 5302 papa:
1697 5230 1938 5308 Gregorii
1973 5255 2146 5293 neces-

559 5293 1055 5377 mriqjgvttqmgs.
1105 5296 1360 5377 Bernoldi
1395 5298 1595 5377 Opusc.
1628 5302 1724 5377 Vl1
1748 5305 1778 5377 7_
1803 5323 1989 5377 supra.

550 5394 555 5412 ,
630 5364 816 5439 (1558)
855 5362 938 5418 Cf.
973 5362 1543 5442 Bernoldiapologiain
1564 5387 1663 5442 pro
1685 5362 2024 5446 Cebehardo,
2053 5395 2147 5435 su-

564 5453 660 5474 τινα

2314 4891 2498 4966 (ιῇὢβ)
2521 4891 2618 4966 Ad
2647 4890 2904 4966 Perestad
2921 4893 3104 4962 (hodie
3119 4891 3424 4966 Becbstedt)
3449 4893 3518 4966 in,
3539 4893 3834 4966 Thuringia

2245 4961 2344 5034 xui
2371 4961 2488 5034 Kal;
2509 4961 2888 5034 _Febr.,‘cujus
2911 4961 3030 5018 acta
3051 4963 3260 5034 prolixe
3283 4961 3551 5020 describit
3569 4961 3834 5021 annalista

2248 5031 2395 5088 Saxo
2420 5033 2486 5086 ad
2509 5031 2565 5086 h.
2600 5047 2650 5086 a.
2682 5031 2809 5088 Uss.

2325 5102 2510 5175 (11:54!)
2550 5101 2768 5175 Qesuntr
2783 5103 2839 5156 in
2859 5104 3095 5175 registro
3114 5102 3382 5175 Gregorii.

2322 5169 2897 5242 (1542)_Exspoliatus
2924 5169 2995 5214 ῖ-
3025 5169 3270 5227 damnari
3295 5183 3426 5228 sunt
3453 5175 3626 5231 verba
3663 5176 3839 5232 archi-

2251 5239 2494 5317 episcopi
2521 5239 2846 5312 Moguntini,
2889 5253 2951 5298 ut
2986 5251 3252 5302 testantur
3281 5254 3402 5299 acta
3443 5246 3670 5300 concilii
3701 5245 3838 5317 apud

2253 5327 2386 5366 ann.
2426 5327 2555 5366 δεῖ.

2326 5381 2510 5474 om
2550 5379 3061 5474 Xsrbiﬁslehedi
3097 5381 3291 5438 εαιεεδο
3325 5381 3462 5439 ιδία-
