3996 5474
248 188 380 256 1589

1131 184 1420 242 APPEND.
1465 186 1550 241 Ill.
1592 218 1659 227 ———
1696 184 2130 242 MONUMENTA
2170 184 2635 241 GREGORIANA.

3376 188 3514 242 {590

239 297 684 364 Wormaciensis,
716 296 1079 371 Augustensis
1100 294 1322 370 quoque
1348 309 1403 355 et
1444 300 1832 356 Constantien-
1860 304 1905 359 Α
1933 301 2141 371 absque
2166 300 2323 355 solita
2352 298 2818 363 reconciliatione,
2846 299 2945 353 etsi
2992 299 3105 368 jam
3136 299 3339 355 dudum
3370 302 3515 371 quod

236 393 310 447 sis
333 392 399 446 de
426 389 766 455 Alemannia,
790 390 920 460 quia
948 388 1049 460 ipsi
1075 391 1339 448 canonica
1368 393 1691 448 necessitate
1711 393 1816 447 im-

236 482 395 553 pediti
420 482 608 536 venire
634 496 743 535 non
774 489 1045 550 poterant,
1078 495 1175 551 per
1208 480 1537 552 legationem
1575 497 1732 537 suam
1763 497 1823 537 se

236 581 422 629 sancto
449 571 680 627 concilio
712 581 1262 642 reprzesentaverunt,
1299 588 1466 644 seque
1507 589 1603 643 per
1636 573 1822 628 omnia

234 666 475 735 ejusdem
525 665 704 719 sinodi
753 664 972 719 statutis
1034 680 1359 720 assensurus
1407 666 1819 720 mandaverunt.

237 758 346 813 Rex
374 758 540 813 etiam
569 755 948 813 Heremaunus
976 773 1101 812 cum
1132 757 1249 812 suis
1279 757 1620 827 principibus
1646 756 1822 810 eidem

236 848 427 904 sinodo
458 847 723 903 interfuit.
777 847 916 903 Cum
965 848 1132 919 igitur
1161 864 1355 903 omnes
1388 849 1543 919 juxta
1575 849 1820 904 ordinem

234 955 395 995 suum
422 940 820 1004 consedissent,
850 940 1060 1010 prolata
1091 949 1220 994 sunt
1249 939 1301 993 in
1342 940 1579 994 medium
1606 940 1823 994 decreta

234 1038 549 1087 sanctorum
598 1030 825 1086 Patrum
871 1031 938 1086 de
991 1030 1228 1101 primatu
1293 1030 1440 1086 sedis
1489 1032 1822 1101 apostolicae,

233 1124 376 1195 quod
400 1123 535 1179 nulli
571 1138 823 1193 unquam
854 1122 1014 1176 liccat
1047 1122 1169 1191 ejus
1203 1122 1473 1190 judicium
1505 1129 1822 1187 retractare,

231 1216 311 1270 vel
330 1216 397 1271 de
426 1215 546 1285 ejus
568 1215 776 1283 judicio
801 1214 1078 1283 judicare;
1125 1213 1272 1283 quod
1320 1222 1375 1268 et
1422 1215 1590 1268 totius
1643 1214 1824 1269 sinodi

234 1306 443 1376 publica
471 1305 812 1376 professione
863 1305 1144 1359 laudatum
1191 1313 1246 1359 et
1285 1304 1669 1359 conﬁrmatum
1716 1315 1820 1360 est.

233 1397 299 1453 Et
322 1397 427 1452 hoc
453 1398 643 1467 utique
670 1405 862 1451 contra
884 1395 1281 1461 Heinricianos,
1312 1396 1407 1465 qui
1435 1396 1620 1451 ﬁdeles
1650 1398 1824 1452 sancti

232 1486 373 1542 Petri
420 1488 796 1557 constringere
836 1487 1146 1553 voluerunt,
1198 1494 1260 1542 ut
1295 1488 1824 1543 excommunicatio-

231 1592 353 1632 nem
410 1577 599 1631 domui
651 1592 803 1646 papa:
850 1575 1099 1647 Gregorii
1149 1592 1314 1645 super
1344 1575 1661 1631 Heinricum
1696 1593 1822 1633 cum

1882 394 1885 397 ’
1923 393 2182 461 sacrilege
2208 391 2313 445 sibi
2349 390 2769 446 vendicaverant
2814 390 3195 446 reddidissent.
3226 390 3282 445 In
3324 393 3513 447 eadem

1922 485 2117 539 sinodo
2138 481 2473 553 prcsbiteris,
2500 482 2845 549 diaconibus,
2873 483 3301 538 subdiaconibus
3328 500 3517 555 perpe-

1924 585 2014 630 tua
2037 576 2194 644 juxta
2222 576 2439 630 decreta
2471 583 2786 629 sanctorum
2814 583 3033 644 patrum
3062 574 3263 630 indicta
3281 584 3367 630 est
3379 592 3483 631 con
3500 607 3512 622 -

1920 667 2167 721 tinentia.
2196 666 2325 721 Item
2352 676 2617 722 statutum
2673 674 2759 722 est
2804 682 2874 721 ne
2930 667 3055 722 laici
3107 667 3280 737 pallas
3326 667 3517 722 altaris

1924 759 2007 811 vel
2036 773 2191 813 sacra
2216 774 2348 812 vasa
2385 758 2722 830 contingant.
2774 757 2931 823 Item,
2983 774 3053 813 ne
3103 758 3228 813 laici
3270 759 3513 814 decimas

1924 850 2029 904 sibi
2044 849 2329 903 vendiccnt
2364 850 2419 903 in
2450 849 2859 920 proprietatem,
2896 864 2997 904 nec
3023 848 3186 904 etiam
3219 849 3275 905 in
3314 850 3518 905 beneﬁ-

1924 942 2092 1006 cium,
2118 940 2224 994 nisi
2273 942 2634 996 concessione
2688 940 3060 1011 legitimorum
3105 955 3513 1011 possessorum.

1922 1030 2055 1087 Item
2084 1031 2176 1098 ⁸³⁷,
2203 1040 2264 1085 ut
2296 1045 2526 1085 vernum
2576 1031 2845 1102 jejunium
2899 1032 2955 1086 in
3003 1032 3181 1102 prima
3214 1032 3515 1103 cpdomada

1923 1121 2373 1194 quadragesima),
2402 1121 2650 1177 aestivum
2684 1122 2736 1176 in
2770 1129 3086 1193 pentecoste
3103 1123 3173 1155 ⁸⁸⁸
3196 1139 3514 1195 semperce-

1924 1215 2183 1270 lchretur.
2212 1213 2364 1279 Item,
2390 1229 2458 1268 ne
2486 1214 2610 1284 quis
2645 1228 2867 1269 caseum
2912 1214 2998 1270 vel
3020 1229 3122 1269 ova
3164 1216 3414 1271 comedat
3459 1218 3516 1270 in

1924 1305 2361 1378 quadragesima.
2394 1304 2526 1361 Item
2580 1307 2813 1362 sinodali
2848 1307 3059 1377 judicio
3103 1308 3426 1364 conﬁrmata
3464 1319 3519 1364 et

1925 1398 2142 1452 laudata
2168 1406 2252 1453 est
2270 1397 2544 1453 ordinatio
2571 1398 2759 1452 domui
2788 1398 3095 1453 Gcbehardi
3132 1397 3519 1455 Constantien-

1925 1488 2002 1543 sis
2028 1488 2288 1559 cpisc0pi,
2322 1489 2490 1543 immo
2511 1489 2694 1543 omnia
2729 1503 2853 1559 quae
2895 1487 3156 1559 prmlatus
3201 1489 3353 1544 sedis
3382 1504 3518 1560 apo-

1926 1580 2135 1634 stolicze
2164 1581 2395 1652 legatus,
2430 1596 2557 1636 cum
2614 1589 2763 1635 esset
2818 1580 3175 1645 Constantiae,
3226 1580 3517 1635 ordinavit.

233 1668 335 1726 illis
364 1678 664 1724 retractare
688 1676 1103 1738 praesumerent.
1135 1667 1369 1735 Quidam
1404 1676 1587 1722 autem
1624 1668 1825 1723 Babin-
1857 1664 1901 1719 B
1926 1670 2059 1726 Item
2090 1672 2164 1726 ibi
2192 1681 2340 1727 mota
2361 1681 2447 1728 est
2467 1672 2699 1744 quaestio
2725 1670 2910 1743 (I548)
2937 1673 3005 1727 de
3048 1672 3523 1744 consanguinitate

233 1761 518 1832 bergensis
558 1762 813 1828 clericus,
860 1762 1081 1816 nomine
1123 1761 1458 1832 Gumpertus
1493 1762 1564 1794 “'
1616 1761 1825 1834 (1547),

233 1849 467 1906 Romani
496 1851 768 1921 pontiﬁcis
800 1851 1055 1920 primatui
1084 1852 1349 1922 derogare
1379 1852 1591 1917 volens,
1618 1851 1676 1905 in
1706 1866 1825 1906 mc-

231 1943 374 1998 diam
416 1943 672 1998 sinodnm
701 1958 762 1998 se
804 1943 1054 2011 contulit,
1087 1958 1341 1999 asserens
1384 1942 1664 1998 Romanos
1691 1957 1829 2012 pon-

233 2034 406 2090 tiﬁces
441 2035 589 2089 hunc
614 2034 719 2089 sibi
754 2034 1046 2103 primatum
1084 2035 1429 2104 ascripsisse,
1471 2049 1582 2089 non
1611 2034 1829 2089 aliunde

231 2142 558 2182 concessum
581 2126 936 2192 hereditasse,
964 2127 1213 2182 videlicet
1240 2136 1299 2181 ut
1328 2128 1511 2182 nullus
1541 2130 1608 2181 de
1635 2142 1826 2182 eorum

226 2218 435 2289 judicio
459 2218 707 2287 judicare
735 2218 948 2284 debeat,
975 2234 1075 2273 nec
1102 2219 1178 2272 illi
1205 2219 1439 2288 alicujus
1453 2219 1662 2289 judicio
1692 2218 1826 2274 sub-

227 2310 468 2380 jaceant.
518 2309 622 2377 Qui
651 2326 776 2365 cum
798 2319 982 2381 aperte
1011 2326 1041 2365 a
1072 2320 1186 2366 tota
1208 2312 1405 2367 sinodo
1429 2310 1825 2377 confutaretur,

233 2403 508 2473 praecipue
546 2411 726 2457 tamen
756 2419 788 2457 a
827 2403 1069 2473 quodam
1099 2403 1242 2459 laico
1288 2404 1573 2459 convictus
1612 2411 1697 2457 est
1731 2417 1828 2472 per

230 2495 609 2564 evangelicum
642 2514 654 2549 :
699 2494 821 2549 Non
859 2504 938 2550 est
976 2495 1274 2566 discipulus
1312 2512 1469 2567 super
1512 2497 1828 2568 magistrum

233 2585 454 2655 (Matth.
488 2603 543 2651 x,
572 2585 685 2657 21).
726 2586 864 2642 Cum
895 2587 1040 2642 enim
1072 2588 1177 2643 hoc
1208 2588 1534 2658 generaliter
1563 2588 1619 2641 in
1649 2587 1828 2641 omni-

232 2677 335 2734 bus
355 2678 731 2734 aaclcsiasticis
764 2680 1051 2735 ordinibus
1082 2680 1484 2735 observandum
1513 2679 1824 2750 deputetur,

230 2784 300 2825 ne
328 2770 511 2839 major
538 2785 570 2824 a
605 2770 815 2825 minore
836 2771 1133 2840 judicctur,
1175 2771 1301 2841 quis
1328 2769 1431 2824 hoc
1465 2770 1670 2825 vicario
1696 2784 1827 2824 sal--

229 2862 300 2917 cti
329 2862 483 2918 Petri
528 2863 797 2933 denegare
845 2864 1063 2932 poterit,
1118 2878 1280 2932 quem
1324 2877 1517 2917 omnes
1569 2862 1825 2918 catholici

232 2970 333 3024 pro
368 2955 599 3010 domino
628 2964 684 3009 et
713 2954 975 3025 magistro
1009 2955 1383 3010 venerantur?
1420 2953 1477 3007 In
1519 2954 1709 3008 eadem
1752 2954 1828 3009 si-

230 3047 376 3101 nodo
400 3046 680 3101 ordinatio
702 3045 1002 3101 Wecilonis
1026 3046 1323 3117 Mogontini
1349 3047 1637 3113 invaseris,
1661 3056 1714 3101 et
1738 3044 1829 3101 Si-

230 3137 426 3207 gcfridi
471 3138 855 3209 Augustcnsis,
914 3148 968 3193 ct
1015 3137 1267 3208 Norperti
1313 3138 1618 3204 Curieusis,
1660 3139 1829 3193 immo

227 3244 425 3286 omnes
451 3230 827 3285 ordinationes
850 3238 905 3285 et
924 3232 1363 3285 consecrationcs
1385 3230 1831 3285 excommunica-

228 3330 408 3376 toruin
444 3323 669 3392 penitus
704 3323 870 3380 irrita;
910 3325 1166 3395 judicatze
1219 3334 1369 3391 sunt,
1414 3326 1570 3396 juxta
1613 3325 1829 3381 decreta

228 3424 557 3469 sanctorum
619 3425 835 3485 patrum
893 3416 1190 3472 Innocentii
1248 3417 1347 3484 ⁸³⁸,
1399 3417 1597 3473 Leonis
1643 3417 1827 3489 primi,

229 3504 462 3578 Pelagii,
491 3518 657 3577 atque
680 3508 799 3579 ejus
824 3511 1162 3566 successoris
1184 3510 1431 3581 Gregorii
1466 3512 1647 3582 primi.
1698 3510 1829 3566 Item

229 3609 379 3653 secta
400 3599 652 3669 praedicti
673 3598 972 3656 chilonis
998 3601 1228 3672 ejusque
1258 3602 1534 3657 sociorum
1566 3602 1669 3657 sub
1693 3616 1829 3655 ana-

229 3689 478 3745 themate
514 3690 772 3745 damnata
811 3701 914 3758 est,
949 3707 1074 3761 quae
1126 3692 1324 3747 asserit
1358 3692 1633 3747 seculares
1666 3693 1832 3747 rebus

228 3781 350 3835 suis
376 3780 688 3851 expoliatos
729 3781 1083 3837 ecclesiastico
1127 3798 1237 3836 non
1280 3782 1564 3851 subjacere
1598 3780 1828 3850 judicio,

225 3892 330 3933 nec
352 3878 832 3933 excommunicari
860 3892 1023 3947 posse
1047 3892 1146 3947 pro
1177 3876 1292 3932 suis
1312 3877 1657 3943 excessibus;
1681 3892 1831 3947 quaa-

224 3983 337 4038 qne
378 3967 895 4023 excommunicatos
932 3967 1140 4038 absque
1180 3966 1620 4021 reconciliatione
1666 3962 1833 4035 recipi

223 4074 396 4129 posse
420 4060 727 4117 contendit.
759 4058 1036 4115 Statutum
1063 4067 1148 4115 est
1169 4066 1350 4113 autem
1378 4057 1452 4112 ibi
1479 4066 1540 4112 ut
1582 4057 1834 4128 quicum-

221 4168 337 4223 que
375 4154 450 4209 ab
497 4153 757 4224 episcopo
787 4168 911 4219 suo,
948 4168 1048 4207 nec
1077 4151 1253 4207 oliicio
1301 4165 1403 4205 nec
1447 4148 1835 4205 communione

223 4244 472 4314 privato,
494 4244 1004 4299 excommunicatus
1017 4242 1275 4298 essetetsi
1289 4242 1506 4312 injuste,
1525 4240 1835 4295 nullatenus

1928 1762 2102 1835 ipsius
2127 1764 2272 1835 regis
2284 1773 2340 1818 et
2365 1764 2555 1820 uxoris
2580 1778 2714 1830 sum,
2742 1763 2886 1818 unde
2904 1778 2996 1818 rex
3027 1762 3082 1817 in
3111 1761 3289 1817 media
3311 1762 3522 1834 synodo

1927 1856 1997 1888 “9
2024 1856 2284 1922 surrexit,
2316 1871 2485 1927 seque
2504 1856 2571 1911 de
2600 1855 2704 1911 hac
2725 1871 2784 1910 re
2809 1854 3081 1925 judicium
3112 1862 3314 1909 sanctae
3342 1853 3522 1911 sinodi

1928 1948 1997 1980 δ”
2019 1964 2117 2018 per
2173 1949 2357 2003 omnia
2382 1948 2814 2018 .obscrvaturum
2854 1944 3139 2017 professus
3179 1954 3281 2000 est.
3321 1943 3523 2000 Sancta

1928 2048 2109 2095 autem
2152 2040 2379 2096 sinodus
2420 2039 2562 2095 hanc
2594 2054 2821 2095 causam
2862 2040 2918 2092 in
2958 2038 3212 2108 praesenti
3257 2037 3522 2092 canonice

1927 2131 2231 2186 examinari
2260 2147 2369 2186 non
2406 2147 2565 2201 posse
2586 2130 2853 2202 judicavit
2891 2129 2983 2196 “°,
3010 2144 3075 2185 co
3113 2130 3258 2199 quod
3293 2128 3523 2200 legitimi

1928 2232 2278 2279 accusatores
2309 2239 2417 2277 non
2441 2223 2715 2279 adessent.
2744 2221 2802 2276 In
2829 2220 2937 2276 ﬁne
2980 2230 3161 2276 autem
3185 2220 3366 2276 sinodi
3398 2235 3525 2275 sen-

1928 2315 2097 2371 tentia
2128 2314 2494 2369 anathematis
2516 2330 2643 2369 cum
2675 2313 2993 2368 ardentibus
3017 2312 3257 2367 candelis
3280 2311 3527 2381 promul—

1929 2415 2052 2478 gata
2076 2414 2159 2461 est
2185 2405 2240 2459 in
2270 2405 2555 2460 Gibertum
2584 2404 2990 2470 heresiarchen,
3023 2403 3169 2459 sedis
3214 2402 3527 2474 apostolicae

1928 2513 2300 2567 pervaserem,
2330 2506 2385 2551 et
2437 2497 2492 2551 in
2536 2504 2817 2566 apostatas
2865 2496 3042 2551 sancti
3065 2492 3232 2560 Petri,
3279 2492 3525 2566 Ugonem

1928 2589 2151 2653 Album,
2204 2586 2509 2641 Iohannem
2569 2585 2929 2641 Portuensem
2995 2584 3384 2654 excpisc0pum
3431 2584 3523 2650 δ”,

1929 2676 2150 2733 Petrum
2174 2677 2653 2733 excancellarium.
2687 2675 2817 2731 Item
2840 2676 2899 2730 in
2936 2674 3265 2730 Leomarum
3301 2675 3370 2707 m
3394 2673 3527 2730 Bre-

1930 2786 2215 2835 mensem,
2288 2767 2520 2825 Utonem
2581 2767 3198 2833 llildineshcimensem,
3267 2765 3525 2822 Ottonem

1928 2861 2429 2927 Constantiensem,
2460 2859 2837 2916 Burchardum
2884 2858 3247 2925 Basilensem,
3304 2857 3523 2914 Ilouze-

1930 2970 2192 3009 manuum
2222 2952 2537 3023 Spirensem
2562 2951 2919 3022 exepiscopos
2944 2950 3031 3004 ⁸³³.
3060 2949 3193 3005 Item
3232 2949 3286 3005 in
3338 2949 3527 3005 Weci-

1930 3048 2111 3101 Ionem
2144 3044 2517 3117 Mogontinnm
2548 3058 2918 3115 pervaserem,
2953 3042 3282 3115 Sigil‘redum
3305 3042 3526 3114 Augus-

1933 3147 2165 3204 tensem,
2194 3134 2548 3193 Northertum
2573 3133 2931 3199 Curiensem;
2965 3135 3018 3189 in
3043 3135 3164 3200 hos,
3195 3134 3441 3206 inquam,
3474 3142 3530 3187 et

1931 3229 1987 3282 in
2038 3243 2231 3284 omnes
2287 3243 2479 3283 eorum
2528 3227 2824 3297 complices
2877 3224 3203 3281 inevitabilis
3260 3225 3530 3280 sententia

1932 3320 2295 3375 anathematis
2326 3319 2671 3390 promulgata
2707 3326 2791 3373 est
2820 3316 3026 3389 (1519).
3071 3314 3177 3371 Sed
3223 3316 3277 3372 hi
3331 3330 3527 3371 omnes

1932 3410 2229 3466 adversarii
2250 3409 2509 3466 :ecclesia:
2542 3409 2635 3465 Dei
2677 3410 2732 3464 in
2777 3409 2937 3464 tertia
2978 3406 3162 3479 (1550)
3223 3408 3530 3478 epdomada

1931 3512 2058 3575 post
2076 3501 2285 3558 ﬁnitam
2320 3502 2595 3569 sinodum,
2654 3517 2810 3557 suam
2851 3499 3144 3572 Moguntiaa
3192 3500 3531 3571 collegerunt

1908 3610 2048 3663 non
2100 3594 2355 3650 sinodum
2395 3604 2477 3651 set
2511 3593 2957 3650 conciliabulum.
3001 3590 3059 3647 In
3105 3606 3214 3663 quo
3258 3591 3528 3646 umbrati-

1933 3687 2039 3742 lem
2088 3687 2415 3741 sententiam
2454 3684 3042 3741 excommunicationis
3097 3691 3289 3739 contra
3342 3681 3530 3737 ﬁdeles

1934 3778 2107 3833 sancti
2129 3776 2275 3830 Petri
2302 3776 2792 3845 deprompserunt;
2818 3783 3006 3845 utputc
3030 3789 3376 3844 nequaquam
3409 3773 3532 3828 illos

1932 3868 2412 3922 excommunicare
2437 3867 2701 3932 valentes,
2730 3875 2813 3921 set
2847 3865 3192 3935 apertissime
3220 3880 3277 3919 se
3308 3864 3456 3933 ipsos
3495 3880 3528 3917 a

1935 3965 2324 4022 communione
2377 3963 2773 4020 catholicorum
2818 3969 3228 4032 sequestrantes
3254 4002 3268 4024 ,
3318 3967 3379 4013 ut
3416 3974 3529 4013 non

1937 4057 2368 4128 tantumjudicio
2399 4066 2600 4113 sanctze
2623 4055 2903 4119 :ecclesim,
2931 4053 3026 4108 sed
3071 4060 3127 4108 ct
3160 4050 3385 4121 proprio
3430 4064 3527 4104 eo-

1938 4165 2061 4204 rum
2093 4149 2323 4219 judicio,
2354 4149 2498 4204 sicut
2518 4162 2710 4203 omnes
2731 4145 2976 4209 heretici,
3017 4160 3047 4199 a
3100 4142 3386 4199 catholicis
3440 4156 3532 4196 es-

1938 4250 2059 4296 sent
2095 4241 2353 4311 separati.
2389 4238 2556 4294 Sedes
2582 4253 2803 4309 quoque
2830 4236 3225 4293 catholicorum
3250 4234 3532 4303 episcopo-

224 4346 420 4391 tamen
443 4336 785 4405 reciperetur
815 4335 882 4389 ad
913 4333 1376 4398 communionem,
1408 4332 1513 4386 nisi
1554 4330 1838 4386 absolutus
1872 4342 1915 4396 ι)
1942 4347 2062 4387 rum
2091 4332 2388 4387 viventium
2416 4330 2706 4385 temeraria
2732 4328 3026 4399 cupiditate
3057 4325 3226 4382 cecati
3257 4324 3360 4379 sibi
3396 4341 3530 4378 ven-

221 4426 600 4483 acclesiastico
628 4441 801 4481 more.
824 4423 1165 4479 Similiterct
1184 4437 1286 4493 pro
1308 4422 1594 4493 sacrilegio
1608 4436 1831 4477 excom-

224 4520 554 4575 municatos
583 4518 823 4574 decrevit
851 4525 1039 4572 sancta
1086 4511 1314 4570 siuodus
1348 4528 1458 4568 non
1491 4512 1832 4583 recipiendos

1938 4422 2120 4477 dicare
2142 4437 2253 4476 non
2279 4422 2601 4476 timuerunt.
2631 4419 2777 4475 Deus
2810 4429 2991 4474 autem
3037 4416 3386 4485 omnipotens
3416 4416 3534 4471 suis

1939 4511 2189 4568 ﬁdelibus
2214 4528 2310 4583 per
2331 4529 2388 4569 se
2417 4513 2598 4584 ipsum
2624 4511 2876 4591 auxiliari
2898 4527 3008 4567 non
3032 4507 3289 4573 cessavit,
3340 4521 3533 4563 suum-

1491 4642 1725 4701 VAlllAi
1763 4643 2165 4699 LECTIONES.

510 4783 564 4836 g.
602 4783 761 4835 supra
793 4766 989 4819 lineam
1030 4763 1075 4817 1.
1132 4762 1234 4836 ,⁸η
1260 4762 1440 4836 ‘deeaL
1460 4758 1513 4813 2.
1555 4760 1620 4791 “7
1653 4759 2139 4836 Ita'c__aeute_n_tia_in
2183 4758 2469 4836 loco_raso
2508 4764 2557 4816 1.
2634 4761 2703 4793 ⁸³⁸
2729 4768 3087 4831 pentecosten
3112 4754 3200 4808 υ.
3276 4753 3347 4784 ⁵³⁸
3373 4755 3454 4808 ita
3484 4754 3537 4807 l.

228 4834 300 4868 “°
331 4827 597 4908 dijud.'2.
666 4827 740 4868 ’⁴³¹
778 4838 1093 4909 episcopum
1124 4833 1179 4887 2.
1256 4831 1324 4863 ’⁸³⁸
1399 4830 1727 4885 Teomarum
1751 4827 1835 4885 ιδ.
1907 4829 1976 4861 ⁸³³
1998 4829 2284 4900 episc0pos
2308 4830 2361 4885 2.

1762 4939 1994 4998 ΝΟΤᾸΞ.

1942 5049 2044 5105 pro
2064 5046 2218 5087 more
2242 5030 2409 5105 hujus
2446 5033 2713 5105 temporis
2732 5037 3111 5105 matrimonio
3136 5037 3316 5092 usque
3340 5028 3415 5082 ad
3453 5040 3575 5094 sep-

328 5100 496 5174 1548)
531 5102 742 5177 Debeo
767 5107 878 5177 agit
936 5100 1255 5177 Venericus,
1287 5117 1449 5171 quem
1478 5105 1573 5162 alii
1622 5105 1839 5161 Walra-
1940 5100 2404 5177 innitm_grarltim
2428 5100 2705 5159 obstabat.
2740 5101 2871 5177 Uss.

300 5120 496 5178 (1M6)
532 5120 609 5156 ue
640 5120 742 5162 noc
767 5120 878 5177 agit
942 5120 1255 5167 VOIIBI'ICUS,
1287 5120 1449 5171 quem
1478 5120 1573 5162 alll
1629 5120 1839 5161 watra-
1940 5120 2136 5158 mnum
2213 5120 2404 5156 fallilm
2428 5120 2705 5159 onsmnat.
2745 5120 2871 5160 U58.

223 5193 379 5232 mum
417 5188 519 5252 seu
567 5170 1839 5252 Waltmmum"Naumburgenscmepiscopnm
2015 5120 2207 5252 (13549?
2228 5170 2465 5252 Nomina
2498 5187 2704 5252 eorum
2739 5175 2835 5252 qui
2866 5175 3101 5252 synodo
3139 5172 3235 5252 at“.
3251 5178 3386 5252 ‘per
3411 5174 3584 5252 se‘agt

218 5261 344 5302 esse
380 5244 599 5315 volunt.
633 5241 895 5315 Uxorem
924 5239 1224 5315 llcrmanni
1258 5232 1410 5315 regis
1441 5232 1840 5303 alii'Kdel'bci-
2067 5232 2273 5313 legatos
2294 5232 2774 5315 subscripserunt,
2798 5232 3099 5309 habentur
3129 5250 3218 5303 ap.
3251 5232 3443 5292 Mansi
3464 5232 3586 5297 XX.

220 5320 344 5372 dem
381 5314 599 5384 dicunt,
650 5315 820 5374 filiam
863 5313 1084 5369 Ottonis
1133 5315 1199 5369 de
1247 5310 1584 5372 Orlamunda
1630 5316 1840 5373 Misnim
1942 5310 2168 5384 1309κίΔ
2225 5380 2294 5384 __
2331 5381 2343 5384 _
2516 5310 2535 5315 “
3080 5382 3090 5384 ᾼ

216 5372 666 5474 ηιθνοξξοηίερδ
715 5372 906 5474 Xdcla,
948 5399 1073 5465 qua:
1114 5384 1548 5474 patrcm‘babuit
1583 5388 1841 5474 Laniber-
1945 5455 1961 5474 ‘
2016 5379 2199 5453 (l550)
2225 5380 2571 5474 Waltrarnps
2601 5383 2777 5474 et‘alii
2816 5372 3594 5474 nonnullikc‘ondcilgl‘bulugl

3080 5450 3182 5474 -kn
3240 5442 3273 5474 ιι
3339 5444 3421 5474 On
3473 5449 3495 5474 Α
3509 5459 3574 5474 nn

298 4769 371 4799 528
406 4785 463 4821 η.

327 5034 495 5103 1547)
532 5032 637 5103 Alii
664 5033 1020 5103 Cunibertum
1050 5041 1263 5087 vocant.
1306 5031 1431 5088 Uss.
