3996 5474
459 243 584 297 1591

1436 229 1524 282 AD
1561 225 1786 282 OPEBA
1827 223 1883 277 S.
1927 217 2252 277 GREGORH
2293 212 2732 285 APPENDICES.

3581 205 3716 262 1592

450 367 555 421 que
573 347 837 420 judicium
862 359 1024 413 super
1051 339 1302 396 inimicos
1331 346 1532 392 sanctze
1577 335 1833 391 ascclesia:
1873 332 2032 386 mira-
2061 335 2104 388 Λ
2133 328 2454 383 lucraretur.
2496 323 2632 378 Nam
2662 336 2851 376 omnes
2872 317 3122 375 catholici
3150 326 3272 389 post
3299 325 3534 372 mortem
3562 318 3716 374 dom-

452 445 632 499 biliter
656 440 917 496 exercuit.
943 433 1077 489 Nam
1109 442 1280 487 totam
1303 445 1441 501 pene
1461 429 1692 492 Italiam,
1716 426 1770 479 in
1797 441 1904 495 qua
1932 438 2029 493 po-

452 536 727 590 tissimum
751 525 1206 585 excommunicati
1223 522 1493 586 furebant,
1510 527 1621 573 tam
1649 532 1845 586 magna
1860 515 2032 569 fames

454 624 708 687 obtinuit,
737 629 796 675 ut
827 619 1079 673 homines
1105 630 1216 669 non
1244 621 1457 667 tantum
1480 609 1761 664 immunda
1781 620 2028 676 quaeque,

455 726 537 771 set
564 715 725 770 etiam
779 712 1074 765 humanam
1124 720 1345 760 carnem
1393 702 1817 762 manducarent;
1867 712 2032 766 quam

454 807 652 862 famem
682 813 794 857 tam
823 799 1062 855 inaudita
1085 796 1388 852 mortalitas
1415 793 1701 848 subsecuta
1724 798 1826 855 est,
1855 797 1913 842 ut
1937 803 2035 841 nec

455 897 613 952 tertia
644 911 769 964 pars
805 891 1090 946 hominum
1125 893 1450 950 remaneret,
1490 891 1574 938 set
1619 881 1901 936 deﬁciente
1937 894 2032 932 co-

455 990 585 1042 lono
621 985 856 1039 maxima
889 998 1018 1052 pars
1038 989 1198 1034 terra:
1222 979 1277 1033 in
1302 976 1650 1032 solitudinem
1677 972 1894 1027 redacta
1929 978 2032 1024 est.

457 1079 636 1134 Padus
665 1077 733 1109 ’⁵³⁵
761 1089 979 1144 quoque
1000 1072 1198 1126 ﬂuvius
1219 1067 1611 1140 Longobardiae
1631 1065 1778 1134 ripas
1803 1078 1930 1118 suas
1943 1076 2037 1115 ex-

458 1173 656 1226 cedens
678 1169 849 1223 multa
864 1166 1107 1230 castella,
1134 1163 1312 1227 villas,
1344 1160 1514 1214 immo
1536 1158 1680 1213 circa
1688 1156 1932 1225 jacentes
1953 1168 2038 1206 rc—

459 1264 648 1333 giones
668 1260 885 1329 penitus
934 1254 1230 1312 submersit
1270 1260 1325 1307 et
1355 1248 1738 1305 inhabitabiles
1782 1244 2033 1300 reddidit.

462 1354 581 1423 Ipsa
619 1353 782 1406 etiam
811 1349 987 1419 capita
1014 1346 1452 1403 scismatieorum
1497 1356 1563 1396 eo
1595 1348 1856 1407 tempore,
1900 1336 2034 1390 heu!

463 1447 661 1499 misere
689 1443 743 1496 in
771 1443 953 1496 locum
981 1453 1140 1493 suum
1187 1435 1390 1499 abiere,
1428 1431 1678 1488 videlicet
1705 1425 2036 1491 Parmensis,

461 1544 514 1591 et
541 1533 826 1605 Regiensis
858 1530 1040 1601 (1551)
1071 1525 1382 1597 exepiscopi
1407 1525 1498 1591 ⁵³⁸,
1539 1519 1884 1576 Thcodaldus
1932 1516 2042 1572 Me-

463 1624 797 1682 diolanensis
819 1637 930 1676 non
951 1620 1022 1653 ⁸³⁸
1055 1618 1499 1687 archiepiscopus
1553 1619 1636 1669 set
1681 1611 1747 1643 ⁸³⁷
1779 1608 2043 1665 antichri-

465 1726 582 1773 stus
607 1716 696 1780 ⁵³⁷,
721 1713 1045 1768 Adelbertus
1091 1718 1146 1766 et
1202 1707 1563 1779 Reginherius
1594 1703 1962 1766 marchiones,
1993 1707 2046 1753 et

463 1824 647 1864 comes
670 1807 833 1871 Boso,
852 1813 907 1858 et
935 1804 1028 1859 alii
1050 1799 1495 1864 innumerabiles,
1530 1810 1764 1867 quorum
1813 1792 2047 1847 factione

463 1909 577 1955 tota
602 1914 741 1970 pene
773 1896 925 1951 Italia
959 1902 1152 1950 contra
1195 1893 1458 1948 domuum
1485 1903 1682 1958 papam
1719 1893 1774 1941 et
1796 1891 2046 1940 sanctum

463 1991 686 2046 Petrum
717 1989 784 2020 “7
810 2002 867 2042 se
888 1985 1082 2041 erexit.
1119 1982 1186 2037 Hi
1210 1996 1430 2052 quoque
1449 1977 1784 2041 Mathildam,
1808 1972 2047 2044 pruden-

463 2082 732 2138 tissimam
762 2080 830 2110 ³³⁸
860 2079 1050 2133 ducem
1077 2083 1132 2130 et
1165 2073 1536 2129 ﬁdelissimam
1566 2067 1737 2124 sancti
1765 2064 1914 2120 Petri
1942 2063 2048 2117 mi-

462 2179 636 2243 litem,
659 2175 844 2230 multis
866 2172 1084 2243 injuriis
1107 2155 1400 2225 affecerant
1424 2167 1478 2220 in
1502 2163 1672 2219 italia.
1711 2161 1822 2216 Illis
1844 2160 1912 2191 ⁸³⁸
1947 2174 2048 2212 au-

464 2279 575 2325 tem
603 2269 784 2324 divina
835 2261 1310 2320 animadversione
1355 2259 1426 2292 “°
1458 2258 1524 2312 de
1568 2253 1749 2310 medio
1796 2250 2048 2310 sublatis.

467 2359 586 2429 ipsa
609 2371 762 2412 suam
812 2359 1138 2424 potestatem
1189 2347 1560 2418 recuperavit,
1615 2354 1670 2399 et
1708 2349 1911 2398 sancta:
1958 2339 2052 2394 Dei

468 2445 727 2503 aecclesia:
761 2443 815 2496 in
881 2441 1140 2496 omnibus
1197 2435 1576 2492 adminiculari
1627 2448 1738 2487 non
1786 2430 2049 2494 cessavit;

469 2540 656 2608 sicque
685 2536 804 2606 ejus
846 2531 1133 2604 prudentia
1188 2528 1483 2584 Mutinensi
1510 2525 1790 2589 azcclesiae,
1838 2532 1892 2577 et
1949 2521 2054 2577 Re-

469 2627 664 2699 giensi,
692 2635 854 2695 atque
879 2621 1204 2677 Pistoriensi
1247 2618 1501 2675 catholici
1545 2624 1793 2688 pastores
1821 2612 2055 2668 ordinati

471 2725 617 2773 sunt.
675 2715 780 2771 Sed
831 2713 948 2784 jam
988 2710 1132 2766 Deus
1186 2709 1532 2778 omnipotens
1573 2704 1838 2758 famulum
1894 2718 2055 2758 suum

470 2805 793 2877 Gregorium
840 2817 1038 2872 papam
1087 2800 1281 2855 nolens
1316 2797 1522 2853 diutius
1569 2796 1850 2858 laborare,
1887 2793 2057 2848 immo

471 2913 570 2966 pro
591 2895 871 2950 laboribus
900 2893 1018 2948 suis
1041 2892 1203 2960 digne
1225 2903 1579 2946 remunerare
1604 2886 1695 2953 “‘,
1717 2886 1782 2941 de
1801 2884 1869 2917 δ”ί
1894 2885 2058 2954 hujus

471 2988 681 3042 “‘vitae
694 2988 760 3018 ἰιι
779 2986 1057 3056 ergastulo
1074 2985 1140 3016 ⁸⁵³
1159 2999 1286 3039 cum
1305 2983 1372 3014 “¹
1402 2981 1646 3038 evocavit
1670 2979 1908 3053 “‘(Mai,
1939 2979 2052 3048 25).
2085 3006 2125 3063 Ο

471 3077 608 3132 Nam
634 3079 700 3110 m
735 3077 1013 3147 aliquanto
1033 3075 1099 3107 ⁸⁸³
1129 3083 1372 3144 tempore
1395 3073 1462 3105 W
1487 3071 1724 3143 graviter
1746 3072 1812 3104 δι’
1860 3083 2056 3138 corpo-

473 3185 533 3224 re
558 3169 627 3202 δὀι
658 3167 726 3200 ⁸⁵⁸
763 3167 1071 3222 infirmatus
1093 3165 1184 3233 W,
1214 3165 1310 3220 sed
1340 3164 1411 3197 ‘M
1459 3164 1514 3218 in
1537 3162 1852 3219 defensione
1890 3161 2055 3231 justi-

475 3261 573 3315 cia:
600 3274 772 3329 usque
807 3259 876 3313 ad
929 3264 1160 3312 mortem
1214 3255 1584 3320 firmissimus,
1643 3253 1854 3308 Salerni
1914 3253 2058 3307 diem

474 3351 671 3406 clausit
725 3359 1064 3415 extremum;
1092 3348 1158 3402 de
1181 3347 1341 3416 cujus
1376 3347 1528 3402 obitu
1594 3361 1785 3401 omnes
1821 3342 2058 3414 religiosi

476 3443 762 3512 utriusque
786 3457 970 3507 sexus,
1019 3449 1074 3494 et
1123 3440 1360 3493 maxime
1405 3454 1696 3508 pauperes,
1747 3437 2056 3492 doluerunt.

478 3533 608 3587 Erat
628 3533 697 3565 "“
721 3533 868 3588 enim
896 3531 1180 3585 catholica:
1206 3529 1482 3597 religionis
1508 3527 1944 3582 ferventissimus
1979 3525 2061 3579 in-

479 3625 718 3689 stitutor,
765 3630 819 3676 et
859 3620 1256 3678 {ecclesiasticae
1302 3617 1569 3673 libertatis
1612 3616 2062 3672 strennuissimus

480 3714 755 3770 defensor.
805 3713 1166 3776 Noluitsane
1202 3718 1262 3765 ut
1309 3708 1726 3765 ecclesiasticus
1775 3706 1910 3761 ordo
1947 3721 2063 3759 ma-

481 3805 644 3860 nibus
678 3806 942 3860 laicorum
990 3803 1318 3873 subjaceret,
1370 3800 1464 3855 sed
1517 3799 1722 3855 eisdem
1756 3806 1809 3852 et
1847 3811 2060 3852 morum

482 3897 770 3951 sanctitate
789 3905 842 3950 et
873 3895 1080 3949 ordinis
1125 3893 1387 3964 dignitate
1412 3890 1792 3961 praemineret;
1819 3888 1964 3960 quod
1994 3887 2062 3941 il-

481 3987 595 4042 lum
625 3989 792 4042 latere
827 4002 936 4042 non
969 3985 1193 4056 poterit,
1216 3984 1548 4055 quicumque
1572 3982 1814 4052 ejusdem
1844 3988 2064 4050 aposto-

480 4077 572 4132 lici
591 4084 866 4149 regestum
894 4075 1180 4145 diligenter
1202 4072 1506 4143 periegerit.
1540 4070 1835 4139 Postquam
1882 4076 2062 4123 autem

483 4169 540 4222 in
563 4167 955 4239 gubernatione
994 4165 1141 4220 sedis
1184 4162 1517 4232 apostolica,
1567 4159 1735 4214 immo
1768 4159 1934 4213 totius
1957 4173 2064 4212 aec-

484 4260 682 4327 clesize,
706 4258 992 4314 duodecim
1047 4270 1221 4310 annos
1246 4262 1300 4309 et
1335 4267 1507 4308 unum
1541 4267 1784 4308 mensem
1831 4249 2067 4320 legitime

2133 420 2189 472 ni
2224 415 2509 488 apostolici
2561 429 2672 469 non
2725 414 2908 466 minus
2955 426 3118 482 quam
3153 419 3308 464 antea
3332 408 3514 463 eidem
3556 409 3716 464 here»

2133 508 2422 563 resiarchze
2444 506 2778 571 restiterunt,
2811 503 3099 572 ipsumque
3113 501 3179 555 de
3198 499 3371 555 Roma
3401 499 3716 554 Ravennam

2135 599 2388 668 repedare
2437 595 2818 666 compulerunt
2859 591 2948 644 “°.
2997 590 3074 644 Eo
3103 599 3348 659 tempore
3380 588 3607 658 quidam
3651 603 3717 641 ex

2136 687 2444 742 Saxonibus
2477 702 2508 740 a
2541 684 2797 739 fidelitate
2823 681 2998 737 sancti
3029 681 3175 735 Petri
3217 686 3613 750 apOstatantes,
3665 691 3720 732 et

2135 793 2166 832 a
2185 792 2310 847 rege
2346 789 2537 829 eorum
2559 772 2902 828 Hercmanno
2925 771 3156 841 turpiter
3179 769 3540 832 declinantes,
3572 757 3736 822 'Hw-l

2135 889 2305 942 ρυκυμ
2338 866 2404 898 “7
2436 880 2617 935 regem
2651 863 2850 918 totiens
2881 861 3191 930 abjuratum
3222 857 3715 928 receperunthexi-

2137 961 2420 1016 stimantes
2451 973 2510 1012 se
2555 956 2722 1010 nichil
2765 955 3021 1023 deinceps
3065 952 3191 1006 mali
3231 957 3301 1005 ab
3326 965 3394 1005 eo
3436 963 3717 1020 passuros,

2137 1057 2221 1105 set
2242 1057 2425 1119 optata
2446 1062 2578 1118 pace
2612 1061 2679 1102 eo
2708 1052 2971 1116 regnante
2999 1058 3058 1097 se
3090 1041 3388 1107 fruituros;
3421 1056 3511 1095 res
3542 1047 3719 1094 autem

2139 1145 2193 1198 in
2224 1141 2558 1198 contrarium
2586 1137 2821 1194 devenit.
2853 1134 2989 1190 Nam
3037 1135 3153 1205 ipse
3182 1133 3368 1188 statim
3397 1140 3615 1201 recepta
3635 1145 3725 1201 po-

2139 1242 2351 1296 testate,
2374 1231 2658 1301 pristinam
2699 1227 3027 1283 tirannidem
3060 1226 3116 1279 in
3166 1225 3288 1280 illos
3324 1238 3581 1278 exercere
3615 1237 3723 1276 non

2139 1325 2317 1380 desiit.
2356 1321 2509 1377 Unde
2541 1331 2595 1376 et
2621 1321 2724 1390 ipsi
2753 1334 2910 1374 versa
2945 1318 3062 1372 vice
3084 1316 3397 1387 turpissime
3420 1330 3550 1369 eum
3572 1313 3726 1383 fuga-

2141 1423 2360 1479 verunt,
2399 1413 2547 1468 etde
2604 1411 2806 1465 ﬁnibus
2849 1424 3038 1464 eorum
3080 1423 3204 1462 cum
3245 1407 3422 1461 multo
3462 1405 3727 1460 dedecore

2141 1507 2482 1576 expulerunt.
2534 1501 2784 1572 Episcopi
2809 1509 2988 1554 autem
3045 1499 3294 1553 Saxonize
3320 1506 3377 1552 et
3411 1496 3638 1566 quidam
3664 1510 3727 1548 ex

2142 1596 2478 1667 principibus
2507 1609 2630 1648 cum
2659 1608 2783 1662 rege
2804 1607 2994 1646 eorum
3018 1587 3361 1643 Heremanno
3388 1589 3442 1641 in
3475 1587 3729 1640 ﬁdelitate

2146 1687 2318 1744 sancti
2349 1687 2495 1740 Petri
2545 1689 2964 1754 permanserunt
3010 1681 3099 1747 ⁸⁸⁸,
3153 1680 3444 1750 potiusque
3495 1679 3730 1731 honores

2147 1795 2278 1834 suos
2322 1779 2649 1847 relinquere,
2678 1789 2844 1845 quam
2899 1769 3385 1828 excommunicatis
3417 1767 3727 1824 communi-

2147 1887 2273 1926 care
2297 1870 2629 1940 delegerunt.
2655 1866 2760 1933 Qui
2782 1875 2983 1919 tamem
3013 1873 3199 1934 postea
3227 1879 3257 1916 a
3310 1859 3629 1916 Saxonibus
3665 1857 3731 1910 ad

2149 1961 2396 2031 proprias
2442 1959 2598 2014 sedcs
2662 1957 2901 2012 revocati
2941 1963 3088 2020 sunt,
3138 1962 3429 2024 postquam
3488 1949 3732 2006 Saxones

2151 2062 2438 2130 ἰιυνρυκυμ
2459 2051 2526 2083 ⁸⁸⁸
2550 2051 2676 2105 inde
2709 2049 3055 2118 expulerunt,
3085 2046 3228 2100 sicut
3248 2043 3626 2115 praediximus.

2301 2206 2321 2218 κ
2769 2136 3107 2194 MLXXXVL

2152 2234 2529 2290 lleremannus
2572 2249 2667 2287 rex
2718 2231 3054 2286 nativitatem
3084 2228 3298 2282 Domini
3341 2227 3639 2282 celebravit
3682 2226 3734 2279 in

2155 2327 2413 2382 Saxonia.
2466 2324 2580 2380 Hoc
2610 2334 2851 2394 tempore
2902 2321 3088 2376 multa:
3137 2321 3317 2383 cedes,
3361 2318 3558 2388 paeda:
3578 2327 3634 2372 et
3657 2317 3738 2370 ino

2153 2419 2344 2474 cendia
2373 2418 2515 2472 facta
2564 2424 2693 2470 sunt
2744 2415 2884 2468 inter
2909 2412 3151 2467 fautores
3196 2409 3435 2465 Heinrici
3472 2417 3528 2464 et
3554 2407 3736 2462 ﬁdeles

2154 2510 2330 2565 sancti
2359 2508 2523 2563 Petri.
2547 2506 2775 2575 Propter
2801 2503 3028 2558 eandem
3056 2502 3219 2556 etiam
3243 2500 3574 2555 discordiam
3604 2513 3738 2550 non—

2155 2603 2284 2681 dum
2322 2601 2478 2656 sedes
2519 2597 2814 2669 apostolica
2857 2595 3154 2665 legitimum
3213 2600 3485 2663 pastorem
3543 2591 3738 2645 habere

2156 2693 2352 2764 potuit.
2414 2690 2702 2745 lleinricus
2735 2688 2805 2720 "°
2855 2694 3045 2741 contra
3085 2683 3331 2739 Saxones
3355 2684 3657 2738 exercitum
3683 2681 3734 2734 6.

2159 2785 2276 2839 Kal.
2330 2783 2486 2837 Febr.
2545 2779 2832 2851 promovit.
2882 2777 2987 2832 Sed
3031 2776 3277 2831 Saxones
3305 2776 3356 2830 ei
3391 2790 3518 2830 cum
3545 2788 3735 2843 magna

2159 2874 2509 2932 multitudine
2537 2872 2752 2927 obviam
2791 2870 3090 2936 venientes,
3119 2869 3297 2922 inacte
3326 2881 3453 2921 eum
3485 2865 3738 2936 repedare

2159 2965 2555 3035 compulerunt.
2600 2962 2679 3018 Eo
2694 2972 2934 3032 tempore
2948 2959 3228 3014 Palatinus
3243 2973 3428 3012 comes
3446 2954 3739 3010 Hereman-

2159 3071 2263 3111 nus
2296 3063 2350 3110 et
2377 3054 2502 3110 Otto
2543 3052 2976 3109 Constantiensis
3007 3050 3366 3120 exepiscopus
3405 3049 3474 3080 ⁸⁸¹
3497 3063 3565 3102 ex
3595 3054 3742 3117 parte

2159 3147 2401 3202 lleinrici
2422 3147 2629 3216 absque
2649 3143 3032 3200 aacclesiastica
3055 3140 3441 3197 communione
3463 3139 3576 3194 heu
3599 3141 3613 3193 l
3645 3138 3742 3193 mi-

2159 3239 2462 3295 serabiliter
2503 3237 2729 3308 periere.
2754 3235 2833 3290 Ex
2855 3242 3007 3305 parte
3033 3242 3214 3288 autem
3242 3232 3642 3288 catholicorum
3657 3248 3738 3286 re-

2159 3331 2572 3386 verentissimus
2587 3331 2874 3384 Anselmus
2889 3329 3152 3383 Lucensis
3167 3326 3426 3382 secclesia:
3438 3326 3740 3395 episcopus,

2155 3423 2267 3493 jam
2281 3423 2485 3478 dudum
2498 3423 2701 3477 mundo
2711 3421 3021 3488 cruciﬁxus,
3036 3420 3289 3491 migravit
3298 3419 3364 3473 ad
3379 3418 3670 3472 Dominum
3687 3417 3744 3468 11

2160 3516 2229 3548 δ”
2242 3515 2360 3570 Kal.
2378 3516 2596 3585 Aprilis.
2611 3515 2885 3584 Principes
2900 3513 3273 3582 Bajoariorum
3285 3511 3410 3567 duci
3433 3526 3537 3566 suo
3555 3508 3747 3565 Welfo-

2161 3609 2220 3662 ni
2244 3608 2296 3662 in
2321 3609 2523 3677 pascha
2552 3607 2701 3678 (Apr.
2729 3607 2784 3678 5)
2816 3605 3170 3669 reconciliati,
3199 3619 3229 3657 a
3276 3601 3536 3657 lleinrico
3551 3601 3749 3657 disces-

2163 3708 2372 3765 serunt,
2385 3714 2618 3768 eumque
2631 3713 2755 3753 cum
2769 3697 2958 3753 eodem
2973 3697 3109 3752 duce
3120 3705 3175 3750 et
3187 3695 3412 3765 reliquis
3428 3694 3754 3749 Alemanno—

2150 3807 2284 3860 rrum
2309 3791 2645 3861 principibus
2672 3797 2880 3844 armata
2892 3803 3056 3843 manu
3075 3786 3388 3858 Ratisponm
3411 3787 3752 3852 invaserunt,

2165 3891 2296 3936 etne
2316 3882 2593 3937 discedere
2607 3890 2814 3951 posset,
2830 3880 3002 3935 multo
3018 3889 3262 3948 tempore
3283 3893 3409 3933 eum
3427 3877 3503 3932 ibi
3521 3877 3757 3932 detinue-

2168 3981 2312 4027 runt.
2355 3973 2665 4028 Roubertus
2685 3973 2796 4026 dux
2817 3970 3262 4026 Normannorum
3295 3985 3392 4040 per
3441 3967 3753 4023 Calabriam

2168 4073 2329 4134 atque
2352 4063 2592 4119 Siciliam
2614 4073 2737 4134 post
2763 4064 3060 4118 multarum
3087 4070 3359 4116 terrarum
3389 4059 3753 4125 invasionem,

2167 4164 2288 4225 post
2321 4156 2616 4210 multorum
2644 4170 2941 4225 pauperum
2971 4162 3024 4207 et
3044 4153 3273 4208 divitum
3319 4152 3752 4222 oppressionem,

2168 4247 2324 4317 cujus
2346 4248 2595 4302 avarieiae
2623 4263 2722 4301 nec
2754 4245 3003 4301 Calabria
3026 4261 3126 4300 nec
3149 4245 3333 4300 Sicilia
3354 4244 3597 4310 suffecit,
3627 4243 3754 4312 quin

484 4352 552 4384 ⁸³⁸
577 4349 892 4415 decertavit,
925 4347 1144 4403 tandem
1174 4361 1242 4400 ex
1297 4345 1400 4399 hac
1449 4344 1571 4398 luce
1613 4357 1756 4397 anno
1777 4341 2065 4396 dominicae
2095 4340 2140 4393 D
2165 4348 2220 4395 et
2250 4339 2615 4394 transmarina
2637 4354 2803 4409 regna
2825 4338 2929 4394 sibi
2963 4338 3254 4409 subjugare
3272 4345 3466 4392 contra
3488 4335 3576 4391 fas
3596 4345 3651 4388 et
3668 4336 3755 4404 jus

488 4441 882 4499 incarnationis
921 4438 1080 4505 1085,
1112 4436 1406 4491 indictione
1443 4442 1656 4498 octava,
1701 4432 1754 4487 8.
1815 4431 1932 4486 Kal.
1966 4429 2062 4484 Ju-

488 4535 563 4588 nii
593 4535 938 4596 subtractus,
987 4544 1235 4600 superna».
1278 4525 1577 4582 vocationis
1620 4524 1867 4579 bravium
1908 4538 2066 4578 acce—

488 4627 633 4694 pisse
689 4639 800 4690 non
845 4621 1145 4686 dubitatur,
1207 4618 1455 4689 sepultus
1499 4615 1711 4671 Salerni
1753 4614 1808 4668 in
1853 4613 2066 4669 ecclesia

489 4716 662 4770 sancti
688 4714 909 4780 Mathei,
940 4726 1104 4784 quam
1133 4711 1250 4781 ipse
1271 4709 1459 4766 eodem
1487 4722 1631 4762 anno
1647 4705 1932 4761 dedicavit.
1966 4704 2070 4758 Sed

490 4805 560 4836 ⁸⁸⁸
582 4805 874 4860 Guibertus
907 4802 1252 4858 heresiarcha
1280 4800 1510 4854 multum
1550 4797 1618 4853 de
1647 4795 1794 4851 obitu
1838 4795 1958 4865 ejus
1990 4793 2055 4848 le-

491 4894 728 4962 tabatur,
761 4896 886 4950 licet
917 4907 1110 4964 parum
1156 4889 1533 4962 prosperitatis
1568 4902 1680 4944 sua:
1735 4886 1878 4958 parti
1919 4886 1973 4940 in
2011 4901 2078 4941 eo

2175 4431 2527 4495 anhelaverit,
2557 4431 2701 4485 viam
2728 4431 2997 4485 universa:
3009 4438 3186 4484 terra:
3207 4429 3458 4498 arripuit.
3493 4427 3594 4482 His
3622 4435 3754 4482 tem-

2175 4522 2399 4591 poribus
2426 4521 2608 4576 fideles
2639 4521 2813 4576 sancti
2832 4521 2980 4576 Petri
3000 4520 3269 4590 principes
3294 4519 3600 4574 Suevorum
3634 4533 3752 4572 cum

2179 4611 2487 4665 Saxonibus
2510 4620 2563 4665 et
2591 4611 2855 4680 Bajoariis
2882 4610 3130 4682 generale
3171 4610 3507 4680 colloquium
3537 4619 3662 4680 post
3682 4608 3755 4663 fe—

2182 4704 2473 4758 stivitatem
2529 4704 2898 4773 apostolorum
2936 4717 3103 4774 prope
3146 4699 3468 4756 Wirceburc
3497 4699 3755 4755 condixe-

2181 4802 2310 4849 runt
2349 4792 2508 4864 (Ιαί.)
2536 4794 2692 4860 Quod
2722 4793 3009 4850 Heinricus
3054 4801 3375 4864 congregata
3414 4791 3758 4846 multitudine

2185 4886 2617 4942 scismaticornm
2642 4887 3005 4942 interturbare
3025 4884 3214 4952 voluit,
3239 4892 3321 4938 set
3350 4882 3546 4938 Suevis
3574 4895 3760 4952 super-

1784 5044 2016 5100 VABUE
2056 5044 2452 5101 LECTIONES.

561 5168 630 5200 ⁸³⁵
663 5161 883 5219 Phadus
908 5164 963 5234 Ξ.
1037 5163 1105 5234 ⁸1⁵
1138 5162 1378 5234 episcopi
1416 5161 1470 5216 2.
1511 5231 1532 5234 _
1565 5160 1866 5234 “‘Hdesunt

2046 5157 2115 5189 ⁸³⁷
2142 5165 2196 5211 et
2221 5173 2267 5211 s.
2297 5155 2357 5210 P.
2388 5158 2576 5212 desunt
2605 5159 2659 5213 2.
2740 5159 2808 5192 ⁸³⁸

490 5239 559 5273 ⁸⁸³
606 5235 717 5291 Illis
743 5263 814 5274 -—
844 5232 1079 5286 ordinati
1120 5227 1249 5287 sunt
1286 5227 1474 5286 desunt
1505 5231 1560 5286 2.
1641 5229 1708 5261 “°
1750 5227 2161 5283 aniadversione
2204 5227 2252 5279 1.

495 5311 508 5340 :
567 5325 600 5340 ι.
663 5305 727 5340 ml
759 5319 811 5340 τη
875 5301 898 5340 ε
949 5301 1132 5340 (fnum!
1165 5302 1200 5340 (ἃ
1294 5302 1362 5334 ιδδ
1396 5301 1523 5340 RM!
1553 5315 1715 5340 uol-uo
1757 5299 2042 5340 ("lict-nter
2094 5297 2375 5340 ﬁerinam-il
2403 5297 2588 5340 (Ipsm)!
2619 5298 2652 5339 9

2884 5201 2897 5214 .
2931 5160 2984 5215 d.
3030 5157 3146 5214 etf.
3179 5174 3223 5214 s.
3267 5157 3329 5212 P.
3371 5174 3446 5211 m.
3491 5159 3679 5211 desunt
3706 5157 3756 5210 ς.

2347 5227 2412 5258 ’⁸⁵⁸
2449 5228 2646 5282 inloco
2684 5247 2803 5283 raso
2838 5227 2886 5284 1.
2963 5229 3030 5261 δι’
3059 5230 3200 5284 deest
3235 5228 3289 5283 2.
3365 5228 3434 5258 ⁸⁸³
3479 5229 3577 5282 sed
3619 5227 3674 5280 in
3706 5228 3756 5279 d.

2769 5299 2836 5331 “ﬂ
2867 5301 3007 5340 Λρρςι
3032 5299 3066 5340 9
3169 5299 3237 5330 “3
3276 5297 3379 5340 RM
3422 5313 3584 5340 sunt»
3614 5311 3761 5340 onm-
