  <div class='ocr_page' id='page_1' title='image "/cluster/home/n/w/nwhite01/storage/ocr_20150623/148/hvd.32044015471840/694.png"; bbox 0 0 3996 5474; ppageno 0'>
   <div class='ocr_carea' id='block_1_1' title="bbox 242 242 392 313">
    <p class='ocr_par' dir='ltr' id='par_1_1' title="bbox 242 242 392 313">
     <span class='ocr_line' id='line_1_1' title="bbox 242 242 392 313; baseline -0.013 -16"><span class='ocrx_word' id='word_1_1' title='bbox 242 242 392 313; x_wconf 57' lang='lat' dir='ltr'><strong>r395</strong></span> 
     </span>
    </p>
   </div>
   <div class='ocr_carea' id='block_1_2' title="bbox 1127 243 2625 306">
    <p class='ocr_par' dir='ltr' id='par_1_2' title="bbox 1127 243 2625 306">
     <span class='ocr_line' id='line_1_2' title="bbox 1127 243 2625 306; baseline 0.005 -8"><span class='ocrx_word' id='word_1_2' title='bbox 1127 243 1415 303; x_wconf 80' lang='lat' dir='ltr'><strong>APPEND.</strong></span> <span class='ocrx_word' id='word_1_3' title='bbox 1458 244 1545 301; x_wconf 86' lang='lat' dir='ltr'><strong>Ill.</strong></span> <span class='ocrx_word' id='word_1_4' title='bbox 1586 278 1654 286; x_wconf 90' lang='lat'><strong>—-</strong></span> <span class='ocrx_word' id='word_1_5' title='bbox 1692 246 2125 303; x_wconf 74' lang='lat' dir='ltr'><strong>MONUMENTA</strong></span> <span class='ocrx_word' id='word_1_6' title='bbox 2160 248 2625 306; x_wconf 73' lang='lat' dir='ltr'><strong>GREGORIANA.</strong></span> 
     </span>
    </p>
   </div>
   <div class='ocr_carea' id='block_1_3' title="bbox 3369 252 3506 313">
    <p class='ocr_par' dir='ltr' id='par_1_3' title="bbox 3369 252 3506 313">
     <span class='ocr_line' id='line_1_3' title="bbox 3369 252 3506 313; baseline 0.029 -5"><span class='ocrx_word' id='word_1_7' title='bbox 3369 252 3506 313; x_wconf 68' lang='lat' dir='ltr'><strong>IS“</strong></span> 
     </span>
    </p>
   </div>
   <div class='ocr_carea' id='block_1_4' title="bbox 243 356 3507 433">
    <p class='ocr_par' dir='ltr' id='par_1_4' title="bbox 243 356 3507 433">
     <span class='ocr_line' id='line_1_4' title="bbox 243 356 3507 433; baseline 0.002 -17"><span class='ocrx_word' id='word_1_8' title='bbox 243 356 591 424; x_wconf 78' lang='lat' dir='ltr'><strong>venientibus</strong></span> <span class='ocrx_word' id='word_1_9' title='bbox 613 357 866 414; x_wconf 75' lang='lat' dir='ltr'><strong>resistere</strong></span> <span class='ocrx_word' id='word_1_10' title='bbox 891 372 1000 414; x_wconf 88' lang='lat' dir='ltr'><strong>non</strong></span> <span class='ocrx_word' id='word_1_11' title='bbox 1030 359 1234 428; x_wconf 87' lang='lat' dir='ltr'><strong>valens,</strong></span> <span class='ocrx_word' id='word_1_12' title='bbox 1269 360 1338 417; x_wconf 87' lang='lat' dir='ltr'><strong>ad</strong></span> <span class='ocrx_word' id='word_1_13' title='bbox 1377 369 1592 431; x_wconf 77' lang='lat' dir='ltr'><strong>tempus</strong></span> <span class='ocrx_word' id='word_1_14' title='bbox 1624 361 1705 416; x_wconf 90' lang='lat' dir='ltr'><strong>eis</strong></span> <span class='ocrx_word' id='word_1_15' title='bbox 1748 362 1830 417; x_wconf 92' lang='lat' dir='ltr'><strong>lo-</strong></span> <span class='ocrx_word' id='word_1_16' title='bbox 1855 366 1903 424; x_wconf 78' lang='grc' dir='ltr'>Α</span> <span class='ocrx_word' id='word_1_17' title='bbox 1928 362 2050 433; x_wconf 90' lang='lat' dir='ltr'><strong>gnis</strong></span> <span class='ocrx_word' id='word_1_18' title='bbox 2081 362 2334 419; x_wconf 82' lang='lat' dir='ltr'><strong>laudibus</strong></span> <span class='ocrx_word' id='word_1_19' title='bbox 2359 362 2582 430; x_wconf 91' lang='lat' dir='ltr'><strong>civium,</strong></span> <span class='ocrx_word' id='word_1_20' title='bbox 2609 361 2933 418; x_wconf 83' lang='lat' dir='ltr'><strong>clericorum</strong></span> <span class='ocrx_word' id='word_1_21' title='bbox 2960 370 3016 418; x_wconf 81' lang='lat' dir='ltr'><strong>et</strong></span> <span class='ocrx_word' id='word_1_22' title='bbox 3043 362 3306 419; x_wconf 86' lang='lat' dir='ltr'><strong>laicorum</strong></span> <span class='ocrx_word' id='word_1_23' title='bbox 3335 363 3391 419; x_wconf 89' lang='lat' dir='ltr'><strong>in</strong></span> <span class='ocrx_word' id='word_1_24' title='bbox 3414 379 3507 422; x_wconf 84' lang='lat' dir='ltr'><strong>se-</strong></span> 
     </span>
    </p>
   </div>
   <div class='ocr_carea' id='block_1_5' title="bbox 243 446 1823 520">
    <p class='ocr_par' dir='ltr' id='par_1_5' title="bbox 243 446 1823 520">
     <span class='ocr_line' id='line_1_5' title="bbox 243 446 1823 520; baseline -0.003 -13"><span class='ocrx_word' id='word_1_25' title='bbox 243 464 367 507; x_wconf 87' lang='lat' dir='ltr'><strong>cum</strong></span> <span class='ocrx_word' id='word_1_26' title='bbox 382 449 548 505; x_wconf 91' lang='lat' dir='ltr'><strong>dedit.</strong></span> <span class='ocrx_word' id='word_1_27' title='bbox 572 448 679 519; x_wconf 88' lang='lat' dir='ltr'><strong>Ipsi</strong></span> <span class='ocrx_word' id='word_1_28' title='bbox 700 457 881 505; x_wconf 89' lang='lat' dir='ltr'><strong>autem</strong></span> <span class='ocrx_word' id='word_1_29' title='bbox 904 446 1236 520; x_wconf 84' lang='lat' dir='ltr'><strong>Herbipolim</strong></span> <span class='ocrx_word' id='word_1_30' title='bbox 1267 450 1335 505; x_wconf 90' lang='lat' dir='ltr'><strong>ad</strong></span> <span class='ocrx_word' id='word_1_31' title='bbox 1350 449 1678 505; x_wconf 87' lang='lat' dir='ltr'><strong>obsidendos</strong></span> <span class='ocrx_word' id='word_1_32' title='bbox 1702 448 1793 504; x_wconf 87' lang='lat' dir='ltr'><strong>fau</strong></span> <span class='ocrx_word' id='word_1_33' title='bbox 1809 480 1823 491; x_wconf 87' lang='lat'><strong>-</strong></span> 
     </span>
    </p>
   </div>
   <div class='ocr_carea' id='block_1_6' title="bbox 239 535 1824 608">
    <p class='ocr_par' dir='ltr' id='par_1_6' title="bbox 239 535 1824 608">
     <span class='ocr_line' id='line_1_6' title="bbox 239 535 1824 608; baseline -0.001 -15"><span class='ocrx_word' id='word_1_34' title='bbox 239 548 389 593; x_wconf 90' lang='lat' dir='ltr'><strong>tores</strong></span> <span class='ocrx_word' id='word_1_35' title='bbox 421 535 664 592; x_wconf 83' lang='lat' dir='ltr'><strong>Heinriei</strong></span> <span class='ocrx_word' id='word_1_36' title='bbox 686 546 1091 607; x_wconf 89' lang='lat' dir='ltr'><strong>processerunt,</strong></span> <span class='ocrx_word' id='word_1_37' title='bbox 1123 546 1177 593; x_wconf 90' lang='lat' dir='ltr'><strong>et</strong></span> <span class='ocrx_word' id='word_1_38' title='bbox 1199 538 1470 608; x_wconf 87' lang='lat' dir='ltr'><strong>adjunctis</strong></span> <span class='ocrx_word' id='word_1_39' title='bbox 1515 537 1824 593; x_wconf 83' lang='lat' dir='ltr'><strong>Saxonibus</strong></span> 
     </span>
    </p>
   </div>
   <div class='ocr_carea' id='block_1_7' title="bbox 237 629 1824 699">
    <p class='ocr_par' dir='ltr' id='par_1_7' title="bbox 237 629 1824 699">
     <span class='ocr_line' id='line_1_7' title="bbox 237 629 1824 699; baseline 0.001 -13"><span class='ocrx_word' id='word_1_40' title='bbox 237 629 467 686; x_wconf 88' lang='lat' dir='ltr'><strong>eandem</strong></span> <span class='ocrx_word' id='word_1_41' title='bbox 528 629 643 699; x_wconf 91' lang='lat' dir='ltr'><strong>sepi</strong></span> <span class='ocrx_word' id='word_1_42' title='bbox 693 629 1187 685; x_wconf 87' lang='lat' dir='ltr'><strong>circumdederunt.</strong></span> <span class='ocrx_word' id='word_1_43' title='bbox 1266 629 1487 686; x_wconf 90' lang='lat' dir='ltr'><strong>Interim</strong></span> <span class='ocrx_word' id='word_1_44' title='bbox 1536 629 1824 687; x_wconf 82' lang='lat' dir='ltr'><strong>Heinricus</strong></span> 
     </span>
    </p>
   </div>
   <div class='ocr_carea' id='block_1_8' title="bbox 235 720 1822 793">
    <p class='ocr_par' dir='ltr' id='par_1_8' title="bbox 235 720 1822 793">
     <span class='ocr_line' id='line_1_8' title="bbox 235 720 1822 793; baseline -0.002 -14"><span class='ocrx_word' id='word_1_45' title='bbox 235 720 535 779; x_wconf 80' lang='lat' dir='ltr'><strong>exercitum</strong></span> <span class='ocrx_word' id='word_1_46' title='bbox 570 720 760 791; x_wconf 89' lang='lat' dir='ltr'><strong>viginti</strong></span> <span class='ocrx_word' id='word_1_47' title='bbox 795 720 1006 775; x_wconf 86' lang='lat' dir='ltr'><strong>milium</strong></span> <span class='ocrx_word' id='word_1_48' title='bbox 1036 736 1173 790; x_wconf 91' lang='lat' dir='ltr'><strong>pene</strong></span> <span class='ocrx_word' id='word_1_49' title='bbox 1199 722 1339 776; x_wconf 88' lang='lat' dir='ltr'><strong>inter</strong></span> <span class='ocrx_word' id='word_1_50' title='bbox 1358 722 1563 792; x_wconf 85' lang='lat' dir='ltr'><strong>pedites</strong></span> <span class='ocrx_word' id='word_1_51' title='bbox 1588 731 1642 777; x_wconf 91' lang='lat' dir='ltr'><strong>et</strong></span> <span class='ocrx_word' id='word_1_52' title='bbox 1663 723 1822 793; x_wconf 87' lang='lat' dir='ltr'><strong>equi-</strong></span> 
     </span>
    </p>
   </div>
   <div class='ocr_carea' id='block_1_9' title="bbox 236 811 1819 883">
    <p class='ocr_par' dir='ltr' id='par_1_9' title="bbox 236 811 1819 883">
     <span class='ocr_line' id='line_1_9' title="bbox 236 811 1819 883; baseline 0 -15"><span class='ocrx_word' id='word_1_53' title='bbox 236 820 320 868; x_wconf 84' lang='lat' dir='ltr'><strong>tes</strong></span> <span class='ocrx_word' id='word_1_54' title='bbox 341 811 688 883; x_wconf 79' lang='lat' dir='ltr'><strong>congregavit</strong></span> <span class='ocrx_word' id='word_1_55' title='bbox 719 854 735 879; x_wconf 93' lang='lat'><strong>,</strong></span> <span class='ocrx_word' id='word_1_56' title='bbox 790 820 845 869; x_wconf 88' lang='lat' dir='ltr'><strong>et</strong></span> <span class='ocrx_word' id='word_1_57' title='bbox 903 813 971 867; x_wconf 92' lang='lat' dir='ltr'><strong>ad</strong></span> <span class='ocrx_word' id='word_1_58' title='bbox 1014 813 1288 868; x_wconf 88' lang='lat' dir='ltr'><strong>civitatem</strong></span> <span class='ocrx_word' id='word_1_59' title='bbox 1330 814 1663 868; x_wconf 84' lang='lat' dir='ltr'><strong>liberandam</strong></span> <span class='ocrx_word' id='word_1_60' title='bbox 1706 813 1819 883; x_wconf 85' lang='lat' dir='ltr'><strong>jam</strong></span> 
     </span>
    </p>
   </div>
   <div class='ocr_carea' id='block_1_10' title="bbox 232 904 1822 975">
    <p class='ocr_par' dir='ltr' id='par_1_10' title="bbox 232 904 1822 975">
     <span class='ocr_line' id='line_1_10' title="bbox 232 904 1822 975; baseline 0.003 -18"><span class='ocrx_word' id='word_1_61' title='bbox 232 904 479 975; x_wconf 91' lang='lat' dir='ltr'><strong>quinque</strong></span> <span class='ocrx_word' id='word_1_62' title='bbox 532 905 852 974; x_wconf 90' lang='lat' dir='ltr'><strong>septimanis</strong></span> <span class='ocrx_word' id='word_1_63' title='bbox 887 906 1169 961; x_wconf 86' lang='lat' dir='ltr'><strong>obsessam</strong></span> <span class='ocrx_word' id='word_1_64' title='bbox 1215 907 1388 962; x_wconf 90' lang='lat' dir='ltr'><strong>aciem</strong></span> <span class='ocrx_word' id='word_1_65' title='bbox 1445 907 1663 961; x_wconf 82' lang='lat' dir='ltr'><strong>direxit.</strong></span> <span class='ocrx_word' id='word_1_66' title='bbox 1702 905 1822 973; x_wconf 86' lang='lat' dir='ltr'><strong>Quo</strong></span> 
     </span>
    </p>
   </div>
   <div class='ocr_carea' id='block_1_11' title="bbox 231 994 1819 1065">
    <p class='ocr_par' dir='ltr' id='par_1_11' title="bbox 231 994 1819 1065">
     <span class='ocr_line' id='line_1_11' title="bbox 231 994 1819 1065; baseline 0.001 -15"><span class='ocrx_word' id='word_1_67' title='bbox 231 994 420 1051; x_wconf 84' lang='lat' dir='ltr'><strong>audito</strong></span> <span class='ocrx_word' id='word_1_68' title='bbox 442 994 625 1049; x_wconf 79' lang='lat' dir='ltr'><strong>fideles</strong></span> <span class='ocrx_word' id='word_1_69' title='bbox 659 997 833 1051; x_wconf 85' lang='lat' dir='ltr'><strong>sancti</strong></span> <span class='ocrx_word' id='word_1_70' title='bbox 855 995 1024 1063; x_wconf 86' lang='lat' dir='ltr'><strong>Petri,</strong></span> <span class='ocrx_word' id='word_1_71' title='bbox 1052 998 1230 1053; x_wconf 82' lang='lat' dir='ltr'><strong>soluta</strong></span> <span class='ocrx_word' id='word_1_72' title='bbox 1265 997 1569 1065; x_wconf 87' lang='lat' dir='ltr'><strong>obsidione,</strong></span> <span class='ocrx_word' id='word_1_73' title='bbox 1600 998 1819 1052; x_wconf 88' lang='lat' dir='ltr'><strong>obviam</strong></span> 
     </span>
    </p>
   </div>
   <div class='ocr_carea' id='block_1_12' title="bbox 229 1086 1818 1160">
    <p class='ocr_par' dir='ltr' id='par_1_12' title="bbox 229 1086 1818 1160">
     <span class='ocr_line' id='line_1_12' title="bbox 229 1086 1818 1160; baseline 0 -17"><span class='ocrx_word' id='word_1_74' title='bbox 229 1086 280 1143; x_wconf 90' lang='lat' dir='ltr'><strong>ci</strong></span> <span class='ocrx_word' id='word_1_75' title='bbox 303 1086 519 1142; x_wconf 86' lang='lat' dir='ltr'><strong>duobus</strong></span> <span class='ocrx_word' id='word_1_76' title='bbox 551 1088 823 1155; x_wconf 88' lang='lat' dir='ltr'><strong>miliariis,</strong></span> <span class='ocrx_word' id='word_1_77' title='bbox 862 1103 973 1143; x_wconf 91' lang='lat' dir='ltr'><strong>non</strong></span> <span class='ocrx_word' id='word_1_78' title='bbox 1002 1097 1112 1143; x_wconf 87' lang='lat' dir='ltr'><strong>tam</strong></span> <span class='ocrx_word' id='word_1_79' title='bbox 1144 1089 1490 1145; x_wconf 83' lang='lat' dir='ltr'><strong>multitudine</strong></span> <span class='ocrx_word' id='word_1_80' title='bbox 1525 1106 1625 1145; x_wconf 88' lang='lat' dir='ltr'><strong>sua</strong></span> <span class='ocrx_word' id='word_1_81' title='bbox 1652 1105 1818 1160; x_wconf 87' lang='lat' dir='ltr'><strong>quam</strong></span> 
     </span>
    </p>
   </div>
   <div class='ocr_carea' id='block_1_13' title="bbox 230 1178 1813 1252">
    <p class='ocr_par' dir='ltr' id='par_1_13' title="bbox 230 1178 1813 1252">
     <span class='ocr_line' id='line_1_13' title="bbox 230 1178 1813 1252; baseline 0 -18"><span class='ocrx_word' id='word_1_82' title='bbox 230 1180 610 1235; x_wconf 81' lang='lat' dir='ltr'><strong>misericordia</strong></span> <span class='ocrx_word' id='word_1_83' title='bbox 656 1178 752 1234; x_wconf 88' lang='lat' dir='ltr'><strong>Dei</strong></span> <span class='ocrx_word' id='word_1_84' title='bbox 783 1189 837 1235; x_wconf 88' lang='lat' dir='ltr'><strong>et</strong></span> <span class='ocrx_word' id='word_1_85' title='bbox 880 1180 1093 1252; x_wconf 89' lang='lat' dir='ltr'><strong>justitia</strong></span> <span class='ocrx_word' id='word_1_86' title='bbox 1133 1182 1309 1237; x_wconf 87' lang='lat' dir='ltr'><strong>sancti</strong></span> <span class='ocrx_word' id='word_1_87' title='bbox 1356 1181 1530 1248; x_wconf 90' lang='lat' dir='ltr'><strong>Petri,</strong></span> <span class='ocrx_word' id='word_1_88' title='bbox 1562 1196 1673 1235; x_wconf 90' lang='lat' dir='ltr'><strong>non</strong></span> <span class='ocrx_word' id='word_1_89' title='bbox 1703 1191 1813 1235; x_wconf 91' lang='lat' dir='ltr'><strong>tam</strong></span> 
     </span>
    </p>
   </div>
   <div class='ocr_carea' id='block_1_14' title="bbox 228 1269 1816 1343">
    <p class='ocr_par' dir='ltr' id='par_1_14' title="bbox 228 1269 1816 1343">
     <span class='ocr_line' id='line_1_14' title="bbox 228 1269 1816 1343; baseline 0.001 -19"><span class='ocrx_word' id='word_1_90' title='bbox 228 1269 400 1324; x_wconf 90' lang='lat' dir='ltr'><strong>armis</strong></span> <span class='ocrx_word' id='word_1_91' title='bbox 429 1286 596 1341; x_wconf 87' lang='lat' dir='ltr'><strong>quam</strong></span> <span class='ocrx_word' id='word_1_92' title='bbox 619 1270 821 1326; x_wconf 91' lang='lat' dir='ltr'><strong>virtute</strong></span> <span class='ocrx_word' id='word_1_93' title='bbox 847 1281 1051 1328; x_wconf 77' lang='lat' dir='ltr'><strong>sanctae</strong></span> <span class='ocrx_word' id='word_1_94' title='bbox 1079 1271 1263 1328; x_wconf 91' lang='lat' dir='ltr'><strong>crucis</strong></span> <span class='ocrx_word' id='word_1_95' title='bbox 1307 1271 1500 1328; x_wconf 80' lang='lat' dir='ltr'><strong>confisi</strong></span> <span class='ocrx_word' id='word_1_96' title='bbox 1533 1286 1816 1343; x_wconf 90' lang='lat' dir='ltr'><strong>processe-</strong></span> 
     </span>
    </p>
   </div>
   <div class='ocr_carea' id='block_1_15' title="bbox 226 1359 1814 1435">
    <p class='ocr_par' dir='ltr' id='par_1_15' title="bbox 226 1359 1814 1435">
     <span class='ocr_line' id='line_1_15' title="bbox 226 1359 1814 1435; baseline 0.001 -19"><span class='ocrx_word' id='word_1_97' title='bbox 226 1370 375 1416; x_wconf 87' lang='lat' dir='ltr'><strong>runt.</strong></span> <span class='ocrx_word' id='word_1_98' title='bbox 396 1359 549 1416; x_wconf 89' lang='lat' dir='ltr'><strong>Unde</strong></span> <span class='ocrx_word' id='word_1_99' title='bbox 560 1371 613 1416; x_wconf 90' lang='lat' dir='ltr'><strong>et</strong></span> <span class='ocrx_word' id='word_1_100' title='bbox 633 1378 850 1418; x_wconf 90' lang='lat' dir='ltr'><strong>crucem</strong></span> <span class='ocrx_word' id='word_1_101' title='bbox 880 1363 1205 1419; x_wconf 87' lang='lat' dir='ltr'><strong>altissimam</strong></span> <span class='ocrx_word' id='word_1_102' title='bbox 1231 1363 1288 1419; x_wconf 88' lang='lat' dir='ltr'><strong>in</strong></span> <span class='ocrx_word' id='word_1_103' title='bbox 1312 1363 1549 1435; x_wconf 87' lang='lat' dir='ltr'><strong>quodam</strong></span> <span class='ocrx_word' id='word_1_104' title='bbox 1571 1362 1814 1433; x_wconf 90' lang='lat' dir='ltr'><strong>plaustro</strong></span> 
     </span>
    </p>
   </div>
   <div class='ocr_carea' id='block_1_16' title="bbox 222 1454 1812 1524">
    <p class='ocr_par' dir='ltr' id='par_1_16' title="bbox 222 1454 1812 1524">
     <span class='ocr_line' id='line_1_16' title="bbox 222 1454 1812 1524; baseline -0.001 -15"><span class='ocrx_word' id='word_1_105' title='bbox 222 1460 460 1509; x_wconf 85' lang='lat' dir='ltr'><strong>erectam</strong></span> <span class='ocrx_word' id='word_1_106' title='bbox 493 1461 548 1507; x_wconf 89' lang='lat' dir='ltr'><strong>et</strong></span> <span class='ocrx_word' id='word_1_107' title='bbox 574 1454 744 1509; x_wconf 90' lang='lat' dir='ltr'><strong>rubro</strong></span> <span class='ocrx_word' id='word_1_108' title='bbox 769 1454 966 1509; x_wconf 81' lang='lat' dir='ltr'><strong>vexillo</strong></span> <span class='ocrx_word' id='word_1_109' title='bbox 996 1455 1307 1510; x_wconf 85' lang='lat' dir='ltr'><strong>decoratam</strong></span> <span class='ocrx_word' id='word_1_110' title='bbox 1335 1470 1510 1524; x_wconf 90' lang='lat' dir='ltr'><strong>usque</strong></span> <span class='ocrx_word' id='word_1_111' title='bbox 1537 1454 1604 1509; x_wconf 93' lang='lat' dir='ltr'><strong>ad</strong></span> <span class='ocrx_word' id='word_1_112' title='bbox 1632 1455 1812 1509; x_wconf 90' lang='lat' dir='ltr'><strong>locum</strong></span> 
     </span>
    </p>
   </div>
   <div class='ocr_carea' id='block_1_17' title="bbox 223 1544 1809 1617">
    <p class='ocr_par' dir='ltr' id='par_1_17' title="bbox 223 1544 1809 1617">
     <span class='ocr_line' id='line_1_17' title="bbox 223 1544 1809 1617; baseline 0.001 -17"><span class='ocrx_word' id='word_1_113' title='bbox 223 1544 542 1601; x_wconf 86' lang='lat' dir='ltr'><strong>certaminis</strong></span> <span class='ocrx_word' id='word_1_114' title='bbox 568 1561 753 1602; x_wconf 89' lang='lat' dir='ltr'><strong>secum</strong></span> <span class='ocrx_word' id='word_1_115' title='bbox 779 1546 975 1602; x_wconf 89' lang='lat' dir='ltr'><strong>deduci</strong></span> <span class='ocrx_word' id='word_1_116' title='bbox 1001 1547 1266 1603; x_wconf 90' lang='lat' dir='ltr'><strong>fecerunt.</strong></span> <span class='ocrx_word' id='word_1_117' title='bbox 1296 1545 1444 1611; x_wconf 78' lang='lat' dir='ltr'><strong>Welf</strong></span> <span class='ocrx_word' id='word_1_118' title='bbox 1460 1562 1676 1617; x_wconf 87' lang='lat' dir='ltr'><strong>quoque</strong></span> <span class='ocrx_word' id='word_1_119' title='bbox 1700 1547 1809 1601; x_wconf 79' lang='lat' dir='ltr'><strong>dux</strong></span> 
     </span>
    </p>
   </div>
   <div class='ocr_carea' id='block_1_18' title="bbox 221 1637 1812 1712">
    <p class='ocr_par' dir='ltr' id='par_1_18' title="bbox 221 1637 1812 1712">
     <span class='ocr_line' id='line_1_18' title="bbox 221 1637 1812 1712; baseline 0.002 -21"><span class='ocrx_word' id='word_1_120' title='bbox 221 1650 346 1691; x_wconf 89' lang='lat' dir='ltr'><strong>cum</strong></span> <span class='ocrx_word' id='word_1_121' title='bbox 383 1652 486 1692; x_wconf 93' lang='lat' dir='ltr'><strong>sua</strong></span> <span class='ocrx_word' id='word_1_122' title='bbox 520 1637 764 1709; x_wconf 81' lang='lat' dir='ltr'><strong>legione,</strong></span> <span class='ocrx_word' id='word_1_123' title='bbox 802 1648 856 1693; x_wconf 90' lang='lat' dir='ltr'><strong>et</strong></span> <span class='ocrx_word' id='word_1_124' title='bbox 899 1637 1400 1712; x_wconf 84' lang='lat' dir='ltr'><strong>Magideburgensis</strong></span> <span class='ocrx_word' id='word_1_125' title='bbox 1433 1638 1574 1710; x_wconf 85' lang='lat' dir='ltr'><strong>legio</strong></span> <span class='ocrx_word' id='word_1_126' title='bbox 1606 1638 1812 1694; x_wconf 85' lang='lat' dir='ltr'><strong>relictis</strong></span> 
     </span>
    </p>
   </div>
   <div class='ocr_carea' id='block_1_19' title="bbox 1925 446 3507 525">
    <p class='ocr_par' dir='ltr' id='par_1_19' title="bbox 1925 446 3507 525">
     <span class='ocr_line' id='line_1_19' title="bbox 1925 446 3507 525; baseline 0.003 -18"><span class='ocrx_word' id='word_1_127' title='bbox 1925 451 2048 508; x_wconf 87' lang='lat' dir='ltr'><strong>dem</strong></span> <span class='ocrx_word' id='word_1_128' title='bbox 2097 468 2257 509; x_wconf 92' lang='lat' dir='ltr'><strong>suam</strong></span> <span class='ocrx_word' id='word_1_129' title='bbox 2290 454 2541 509; x_wconf 90' lang='lat' dir='ltr'><strong>restituto</strong></span> <span class='ocrx_word' id='word_1_130' title='bbox 2566 495 2582 522; x_wconf 91' lang='lat'><strong>,</strong></span> <span class='ocrx_word' id='word_1_131' title='bbox 2613 446 2965 525; x_wconf 87' lang='lat' dir='ltr'><strong>congruoque</strong></span> <span class='ocrx_word' id='word_1_132' title='bbox 2990 455 3242 524; x_wconf 69' lang='lat' dir='ltr'><strong>praesidio</strong></span> <span class='ocrx_word' id='word_1_133' title='bbox 3272 454 3507 512; x_wconf 89' lang='lat' dir='ltr'><strong>militum</strong></span> 
     </span>
    </p>
   </div>
   <div class='ocr_carea' id='block_1_20' title="bbox 1924 542 3506 615">
    <p class='ocr_par' dir='ltr' id='par_1_20' title="bbox 1924 542 3506 615">
     <span class='ocr_line' id='line_1_20' title="bbox 1924 542 3506 615; baseline 0.002 -17"><span class='ocrx_word' id='word_1_134' title='bbox 1924 542 2130 598; x_wconf 81' lang='lat' dir='ltr'><strong>civitati</strong></span> <span class='ocrx_word' id='word_1_135' title='bbox 2159 543 2416 614; x_wconf 89' lang='lat' dir='ltr'><strong>imposito</strong></span> <span class='ocrx_word' id='word_1_136' title='bbox 2438 585 2453 606; x_wconf 89' lang='lat'><strong>,</strong></span> <span class='ocrx_word' id='word_1_137' title='bbox 2496 543 2600 614; x_wconf 89' lang='lat' dir='ltr'><strong>ipsi</strong></span> <span class='ocrx_word' id='word_1_138' title='bbox 2628 559 2754 600; x_wconf 92' lang='lat' dir='ltr'><strong>cum</strong></span> <span class='ocrx_word' id='word_1_139' title='bbox 2786 558 2983 615; x_wconf 89' lang='lat' dir='ltr'><strong>magna</strong></span> <span class='ocrx_word' id='word_1_140' title='bbox 3016 544 3187 615; x_wconf 88' lang='lat' dir='ltr'><strong>gloria</strong></span> <span class='ocrx_word' id='word_1_141' title='bbox 3234 552 3289 600; x_wconf 90' lang='lat' dir='ltr'><strong>et</strong></span> <span class='ocrx_word' id='word_1_142' title='bbox 3335 546 3506 602; x_wconf 86' lang='lat' dir='ltr'><strong>letitia</strong></span> 
     </span>
    </p>
   </div>
   <div class='ocr_carea' id='block_1_21' title="bbox 1924 632 3508 708">
    <p class='ocr_par' dir='ltr' id='par_1_21' title="bbox 1924 632 3508 708">
     <span class='ocr_line' id='line_1_21' title="bbox 1924 632 3508 708; baseline 0.004 -21"><span class='ocrx_word' id='word_1_143' title='bbox 1924 632 2124 705; x_wconf 88' lang='lat' dir='ltr'><strong>singuli</strong></span> <span class='ocrx_word' id='word_1_144' title='bbox 2152 636 2208 689; x_wconf 91' lang='lat' dir='ltr'><strong>in</strong></span> <span class='ocrx_word' id='word_1_145' title='bbox 2238 650 2336 690; x_wconf 91' lang='lat' dir='ltr'><strong>sua</strong></span> <span class='ocrx_word' id='word_1_146' title='bbox 2362 634 2658 689; x_wconf 90' lang='lat' dir='ltr'><strong>redierunt.</strong></span> <span class='ocrx_word' id='word_1_147' title='bbox 2682 633 2910 689; x_wconf 89' lang='lat' dir='ltr'><strong>Factum</strong></span> <span class='ocrx_word' id='word_1_148' title='bbox 2931 642 3016 690; x_wconf 90' lang='lat' dir='ltr'><strong>est</strong></span> <span class='ocrx_word' id='word_1_149' title='bbox 3037 644 3219 691; x_wconf 91' lang='lat' dir='ltr'><strong>autem</strong></span> <span class='ocrx_word' id='word_1_150' title='bbox 3242 636 3349 693; x_wconf 91' lang='lat' dir='ltr'><strong>hoc</strong></span> <span class='ocrx_word' id='word_1_151' title='bbox 3367 652 3508 708; x_wconf 69' lang='lat' dir='ltr'><strong>prte-</strong></span> 
     </span>
    </p>
   </div>
   <div class='ocr_carea' id='block_1_22' title="bbox 1920 724 3505 797">
    <p class='ocr_par' dir='ltr' id='par_1_22' title="bbox 1920 724 3505 797">
     <span class='ocr_line' id='line_1_22' title="bbox 1920 724 3505 797; baseline 0.003 -17"><span class='ocrx_word' id='word_1_152' title='bbox 1920 725 2055 781; x_wconf 91' lang='lat' dir='ltr'><strong>lium</strong></span> <span class='ocrx_word' id='word_1_153' title='bbox 2097 726 2153 781; x_wconf 90' lang='lat' dir='ltr'><strong>in</strong></span> <span class='ocrx_word' id='word_1_154' title='bbox 2182 727 2431 797; x_wconf 85' lang='lat' dir='ltr'><strong>sequenti</strong></span> <span class='ocrx_word' id='word_1_155' title='bbox 2468 726 2555 781; x_wconf 90' lang='lat' dir='ltr'><strong>die</strong></span> <span class='ocrx_word' id='word_1_156' title='bbox 2587 733 2711 797; x_wconf 91' lang='lat' dir='ltr'><strong>post</strong></span> <span class='ocrx_word' id='word_1_157' title='bbox 2740 724 3091 781; x_wconf 75' lang='lat' dir='ltr'><strong>festivitatem</strong></span> <span class='ocrx_word' id='word_1_158' title='bbox 3136 726 3309 783; x_wconf 89' lang='lat' dir='ltr'><strong>sancti</strong></span> <span class='ocrx_word' id='word_1_159' title='bbox 3355 726 3505 784; x_wconf 83' lang='lat' dir='ltr'><strong>Lau-</strong></span> 
     </span>
    </p>
   </div>
   <div class='ocr_carea' id='block_1_23' title="bbox 1921 816 3505 888">
    <p class='ocr_par' dir='ltr' id='par_1_23' title="bbox 1921 816 3505 888">
     <span class='ocr_line' id='line_1_23' title="bbox 1921 816 3505 888; baseline 0.001 -16"><span class='ocrx_word' id='word_1_160' title='bbox 1921 816 2105 884; x_wconf 90' lang='lat' dir='ltr'><strong>rentii,</strong></span> <span class='ocrx_word' id='word_1_161' title='bbox 2136 816 2386 872; x_wconf 90' lang='lat' dir='ltr'><strong>videlicet</strong></span> <span class='ocrx_word' id='word_1_162' title='bbox 2419 817 2477 871; x_wconf 91' lang='lat' dir='ltr'><strong>in</strong></span> <span class='ocrx_word' id='word_1_163' title='bbox 2510 816 2884 872; x_wconf 88' lang='lat' dir='ltr'><strong>anniversaria</strong></span> <span class='ocrx_word' id='word_1_164' title='bbox 2912 816 3018 884; x_wconf 92' lang='lat' dir='ltr'><strong>die,</strong></span> <span class='ocrx_word' id='word_1_165' title='bbox 3052 817 3274 888; x_wconf 87' lang='lat' dir='ltr'><strong>quando</strong></span> <span class='ocrx_word' id='word_1_166' title='bbox 3312 825 3367 873; x_wconf 89' lang='lat' dir='ltr'><strong>et</strong></span> <span class='ocrx_word' id='word_1_167' title='bbox 3392 817 3505 873; x_wconf 51' lang='lat' dir='ltr'><strong>Hea</strong></span> 
     </span>
    </p>
   </div>
   <div class='ocr_carea' id='block_1_24' title="bbox 1921 905 3504 981">
    <p class='ocr_par' dir='ltr' id='par_1_24' title="bbox 1921 905 3504 981">
     <span class='ocr_line' id='line_1_24' title="bbox 1921 905 3504 981; baseline 0.002 -19"><span class='ocrx_word' id='word_1_168' title='bbox 1921 923 2222 963; x_wconf 91' lang='lat' dir='ltr'><strong>remannus</strong></span> <span class='ocrx_word' id='word_1_169' title='bbox 2251 922 2348 962; x_wconf 79' lang='lat' dir='ltr'><strong>rex</strong></span> <span class='ocrx_word' id='word_1_170' title='bbox 2376 923 2501 961; x_wconf 89' lang='lat' dir='ltr'><strong>cum</strong></span> <span class='ocrx_word' id='word_1_171' title='bbox 2532 906 2726 962; x_wconf 91' lang='lat' dir='ltr'><strong>Suevis</strong></span> <span class='ocrx_word' id='word_1_172' title='bbox 2752 905 3035 978; x_wconf 85' lang='lat' dir='ltr'><strong>Bajoarios</strong></span> <span class='ocrx_word' id='word_1_173' title='bbox 3062 907 3280 963; x_wconf 87' lang='lat' dir='ltr'><strong>devicit.</strong></span> <span class='ocrx_word' id='word_1_174' title='bbox 3305 907 3504 981; x_wconf 75' lang='lat' dir='ltr'><strong>Egom</strong></span> 
     </span>
    </p>
   </div>
   <div class='ocr_carea' id='block_1_25' title="bbox 1919 997 3502 1069">
    <p class='ocr_par' dir='ltr' id='par_1_25' title="bbox 1919 997 3502 1069">
     <span class='ocr_line' id='line_1_25' title="bbox 1919 997 3502 1069; baseline 0.003 -17"><span class='ocrx_word' id='word_1_175' title='bbox 1919 1013 2141 1069; x_wconf 90' lang='lat' dir='ltr'><strong>quoque</strong></span> <span class='ocrx_word' id='word_1_176' title='bbox 2168 998 2303 1069; x_wconf 87' lang='lat' dir='ltr'><strong>ipse,</strong></span> <span class='ocrx_word' id='word_1_177' title='bbox 2332 998 2427 1068; x_wconf 87' lang='lat' dir='ltr'><strong>qui</strong></span> <span class='ocrx_word' id='word_1_178' title='bbox 2455 998 2572 1053; x_wconf 84' lang='lat' dir='ltr'><strong>haec</strong></span> <span class='ocrx_word' id='word_1_179' title='bbox 2596 998 2855 1054; x_wconf 89' lang='lat' dir='ltr'><strong>chronica</strong></span> <span class='ocrx_word' id='word_1_180' title='bbox 2881 1014 2913 1054; x_wconf 92' lang='lat' dir='ltr'><strong>a</strong></span> <span class='ocrx_word' id='word_1_181' title='bbox 2938 998 3010 1031; x_wconf 68' lang='grc'><strong><em>⁸³⁸</em></strong></span> <span class='ocrx_word' id='word_1_182' title='bbox 3034 997 3197 1055; x_wconf 68' lang='grc'><strong>1054⁰</strong></span> <span class='ocrx_word' id='word_1_183' title='bbox 3222 1014 3369 1055; x_wconf 87' lang='lat' dir='ltr'><strong>anno</strong></span> <span class='ocrx_word' id='word_1_184' title='bbox 3399 1000 3502 1056; x_wconf 83' lang='lat' dir='ltr'><strong>do-</strong></span> 
     </span>
    </p>
   </div>
   <div class='ocr_carea' id='block_1_26' title="bbox 1920 1088 3501 1161">
    <p class='ocr_par' dir='ltr' id='par_1_26' title="bbox 1920 1088 3501 1161">
     <span class='ocr_line' id='line_1_26' title="bbox 1920 1088 3501 1161; baseline 0.002 -17"><span class='ocrx_word' id='word_1_185' title='bbox 1920 1090 2133 1145; x_wconf 78' lang='lat' dir='ltr'><strong>minica:</strong></span> <span class='ocrx_word' id='word_1_186' title='bbox 2168 1089 2562 1145; x_wconf 89' lang='lat' dir='ltr'><strong>incarnationis</strong></span> <span class='ocrx_word' id='word_1_187' title='bbox 2596 1088 2882 1161; x_wconf 86' lang='lat' dir='ltr'><strong>hucusque</strong></span> <span class='ocrx_word' id='word_1_188' title='bbox 2912 1090 3179 1161; x_wconf 77' lang='lat' dir='ltr'><strong>perduxi,</strong></span> <span class='ocrx_word' id='word_1_189' title='bbox 3211 1091 3279 1146; x_wconf 89' lang='lat' dir='ltr'><strong>de</strong></span> <span class='ocrx_word' id='word_1_190' title='bbox 3301 1091 3501 1161; x_wconf 67' lang='lat' dir='ltr'><strong>praedi-</strong></span> 
     </span>
    </p>
   </div>
   <div class='ocr_carea' id='block_1_27' title="bbox 1918 1180 3504 1253">
    <p class='ocr_par' dir='ltr' id='par_1_27' title="bbox 1918 1180 3504 1253">
     <span class='ocr_line' id='line_1_27' title="bbox 1918 1180 3504 1253; baseline 0.001 -16"><span class='ocrx_word' id='word_1_191' title='bbox 1918 1190 2007 1237; x_wconf 92' lang='lat' dir='ltr'><strong>cto</strong></span> <span class='ocrx_word' id='word_1_192' title='bbox 2034 1182 2221 1252; x_wconf 68' lang='lat' dir='ltr'><strong>praslio</strong></span> <span class='ocrx_word' id='word_1_193' title='bbox 2252 1197 2363 1237; x_wconf 84' lang='lat' dir='ltr'><strong>non</strong></span> <span class='ocrx_word' id='word_1_194' title='bbox 2395 1189 2505 1236; x_wconf 92' lang='lat' dir='ltr'><strong>tam</strong></span> <span class='ocrx_word' id='word_1_195' title='bbox 2539 1180 2773 1237; x_wconf 89' lang='lat' dir='ltr'><strong>aliorum</strong></span> <span class='ocrx_word' id='word_1_196' title='bbox 2802 1182 2972 1238; x_wconf 88' lang='lat' dir='ltr'><strong>relata</strong></span> <span class='ocrx_word' id='word_1_197' title='bbox 2997 1223 3013 1248; x_wconf 94' lang='lat'><strong>,</strong></span> <span class='ocrx_word' id='word_1_198' title='bbox 3042 1197 3208 1253; x_wconf 87' lang='lat' dir='ltr'><strong>quam</strong></span> <span class='ocrx_word' id='word_1_199' title='bbox 3237 1197 3359 1252; x_wconf 81' lang='lat' dir='ltr'><strong>quae</strong></span> <span class='ocrx_word' id='word_1_200' title='bbox 3389 1183 3504 1253; x_wconf 80' lang='lat' dir='ltr'><strong>ipse</strong></span> 
     </span>
    </p>
   </div>
   <div class='ocr_carea' id='block_1_28' title="bbox 1917 1272 3503 1344">
    <p class='ocr_par' dir='ltr' id='par_1_28' title="bbox 1917 1272 3503 1344">
     <span class='ocr_line' id='line_1_28' title="bbox 1917 1272 3503 1344; baseline 0.002 -18"><span class='ocrx_word' id='word_1_201' title='bbox 1917 1273 2029 1328; x_wconf 91' lang='lat' dir='ltr'><strong>vidi</strong></span> <span class='ocrx_word' id='word_1_202' title='bbox 2073 1282 2129 1328; x_wconf 92' lang='lat' dir='ltr'><strong>et</strong></span> <span class='ocrx_word' id='word_1_203' title='bbox 2172 1272 2377 1340; x_wconf 84' lang='lat' dir='ltr'><strong>audivi,</strong></span> <span class='ocrx_word' id='word_1_204' title='bbox 2426 1273 2495 1327; x_wconf 90' lang='lat' dir='ltr'><strong>ad</strong></span> <span class='ocrx_word' id='word_1_205' title='bbox 2539 1272 2754 1328; x_wconf 89' lang='lat' dir='ltr'><strong>laudem</strong></span> <span class='ocrx_word' id='word_1_206' title='bbox 2785 1281 2839 1327; x_wconf 92' lang='lat' dir='ltr'><strong>et</strong></span> <span class='ocrx_word' id='word_1_207' title='bbox 2870 1272 3098 1344; x_wconf 86' lang='lat' dir='ltr'><strong>gloriam</strong></span> <span class='ocrx_word' id='word_1_208' title='bbox 3130 1272 3226 1328; x_wconf 90' lang='lat' dir='ltr'><strong>Dei</strong></span> <span class='ocrx_word' id='word_1_209' title='bbox 3254 1273 3503 1329; x_wconf 83' lang='lat' dir='ltr'><strong>fidelibus</strong></span> 
     </span>
    </p>
   </div>
   <div class='ocr_carea' id='block_1_29' title="bbox 1917 1362 3505 1420">
    <p class='ocr_par' dir='ltr' id='par_1_29' title="bbox 1917 1362 3505 1420">
     <span class='ocr_line' id='line_1_29' title="bbox 1917 1362 3505 1420; baseline 0.001 -2"><span class='ocrx_word' id='word_1_210' title='bbox 1917 1363 2254 1420; x_wconf 89' lang='lat' dir='ltr'><strong>annunciare</strong></span> <span class='ocrx_word' id='word_1_211' title='bbox 2303 1364 2492 1419; x_wconf 84' lang='lat' dir='ltr'><strong>curavi</strong></span> <span class='ocrx_word' id='word_1_212' title='bbox 2534 1363 2625 1417; x_wconf 69' lang='lat'><strong>“.7.</strong></span> <span class='ocrx_word' id='word_1_213' title='bbox 2664 1362 3161 1419; x_wconf 84' lang='lat' dir='ltr'><strong>Reverentissimus</strong></span> <span class='ocrx_word' id='word_1_214' title='bbox 3214 1364 3385 1420; x_wconf 84' lang='lat' dir='ltr'><strong>abbas</strong></span> <span class='ocrx_word' id='word_1_215' title='bbox 3434 1365 3505 1420; x_wconf 77' lang='lat' dir='ltr'><strong>de</strong></span> 
     </span>
    </p>
   </div>
   <div class='ocr_carea' id='block_1_30' title="bbox 1915 1454 3501 1527">
    <p class='ocr_par' dir='ltr' id='par_1_30' title="bbox 1915 1454 3501 1527">
     <span class='ocr_line' id='line_1_30' title="bbox 1915 1454 3501 1527; baseline -0.001 -14"><span class='ocrx_word' id='word_1_216' title='bbox 1915 1457 2049 1513; x_wconf 88' lang='lat' dir='ltr'><strong>cella</strong></span> <span class='ocrx_word' id='word_1_217' title='bbox 2079 1456 2254 1512; x_wconf 87' lang='lat' dir='ltr'><strong>sancti</strong></span> <span class='ocrx_word' id='word_1_218' title='bbox 2294 1454 2479 1523; x_wconf 89' lang='lat' dir='ltr'><strong>Blasii,</strong></span> <span class='ocrx_word' id='word_1_219' title='bbox 2518 1455 2739 1511; x_wconf 89' lang='lat' dir='ltr'><strong>nomine</strong></span> <span class='ocrx_word' id='word_1_220' title='bbox 2765 1455 3109 1522; x_wconf 86' lang='lat' dir='ltr'><strong>Gisilbertus,</strong></span> <span class='ocrx_word' id='word_1_221' title='bbox 3152 1456 3406 1527; x_wconf 84' lang='lat' dir='ltr'><strong>migravit</strong></span> <span class='ocrx_word' id='word_1_222' title='bbox 3432 1456 3501 1512; x_wconf 90' lang='lat' dir='ltr'><strong>ad</strong></span> 
     </span>
    </p>
   </div>
   <div class='ocr_carea' id='block_1_31' title="bbox 1915 1545 3483 1617">
    <p class='ocr_par' dir='ltr' id='par_1_31' title="bbox 1915 1545 3483 1617">
     <span class='ocr_line' id='line_1_31' title="bbox 1915 1545 3483 1617; baseline -0.001 -15"><span class='ocrx_word' id='word_1_223' title='bbox 1915 1546 2207 1604; x_wconf 86' lang='lat' dir='ltr'><strong>Dominum</strong></span> <span class='ocrx_word' id='word_1_224' title='bbox 2237 1547 2289 1603; x_wconf 86' lang='lat'><strong>6.</strong></span> <span class='ocrx_word' id='word_1_225' title='bbox 2331 1547 2456 1603; x_wconf 89' lang='lat' dir='ltr'><strong>ldus</strong></span> <span class='ocrx_word' id='word_1_226' title='bbox 2484 1545 2756 1615; x_wconf 88' lang='lat' dir='ltr'><strong>Octobris,</strong></span> <span class='ocrx_word' id='word_1_227' title='bbox 2786 1547 2875 1603; x_wconf 91' lang='lat' dir='ltr'><strong>cui</strong></span> <span class='ocrx_word' id='word_1_228' title='bbox 2902 1546 3227 1603; x_wconf 88' lang='lat' dir='ltr'><strong>venerabilis</strong></span> <span class='ocrx_word' id='word_1_229' title='bbox 3251 1545 3357 1602; x_wconf 88' lang='lat' dir='ltr'><strong>Uto</strong></span> <span class='ocrx_word' id='word_1_230' title='bbox 3376 1546 3483 1617; x_wconf 88' lang='lat' dir='ltr'><strong>eju-</strong></span> 
     </span>
    </p>
   </div>
   <div class='ocr_carea' id='block_1_32' title="bbox 1916 1636 3496 1709">
    <p class='ocr_par' dir='ltr' id='par_1_32' title="bbox 1916 1636 3496 1709">
     <span class='ocr_line' id='line_1_32' title="bbox 1916 1636 3496 1709; baseline 0 -17"><span class='ocrx_word' id='word_1_231' title='bbox 1916 1638 2067 1693; x_wconf 89' lang='lat' dir='ltr'><strong>sdem</strong></span> <span class='ocrx_word' id='word_1_232' title='bbox 2112 1638 2429 1694; x_wconf 88' lang='lat' dir='ltr'><strong>monasterii</strong></span> <span class='ocrx_word' id='word_1_233' title='bbox 2478 1639 2629 1709; x_wconf 90' lang='lat' dir='ltr'><strong>prior</strong></span> <span class='ocrx_word' id='word_1_234' title='bbox 2677 1639 2734 1692; x_wconf 90' lang='lat' dir='ltr'><strong>in</strong></span> <span class='ocrx_word' id='word_1_235' title='bbox 2783 1638 3057 1693; x_wconf 89' lang='lat' dir='ltr'><strong>abbatiam</strong></span> <span class='ocrx_word' id='word_1_236' title='bbox 3109 1636 3377 1694; x_wconf 90' lang='lat' dir='ltr'><strong>successit</strong></span> <span class='ocrx_word' id='word_1_237' title='bbox 3403 1637 3496 1692; x_wconf 72' lang='grc' dir='ltr'><strong>ιον.</strong></span> 
     </span>
    </p>
   </div>
   <div class='ocr_carea' id='block_1_33' title="bbox 221 1718 3496 1802">
    <p class='ocr_par' dir='ltr' id='par_1_33' title="bbox 221 1718 3496 1802">
     <span class='ocr_line' id='line_1_33' title="bbox 221 1718 3496 1802; baseline 0.001 -21"><span class='ocrx_word' id='word_1_238' title='bbox 221 1727 377 1798; x_wconf 89' lang='lat' dir='ltr'><strong>equis</strong></span> <span class='ocrx_word' id='word_1_239' title='bbox 420 1728 631 1798; x_wconf 86' lang='lat' dir='ltr'><strong>pedites</strong></span> <span class='ocrx_word' id='word_1_240' title='bbox 679 1730 998 1786; x_wconf 80' lang='lat' dir='ltr'><strong>incedebant</strong></span> <span class='ocrx_word' id='word_1_241' title='bbox 1047 1731 1203 1802; x_wconf 81' lang='lat' dir='ltr'><strong>(Aug.</strong></span> <span class='ocrx_word' id='word_1_242' title='bbox 1265 1731 1375 1801; x_wconf 81' lang='grc' dir='ltr'><strong>Η).</strong></span> <span class='ocrx_word' id='word_1_243' title='bbox 1432 1729 1570 1785; x_wconf 82' lang='lat' dir='ltr'><strong>Cum</strong></span> <span class='ocrx_word' id='word_1_244' title='bbox 1626 1738 1808 1786; x_wconf 88' lang='lat' dir='ltr'><strong>autem</strong></span> <span class='ocrx_word' id='word_1_245' title='bbox 1845 1718 1885 1772; x_wconf 79' lang='grc' dir='ltr'><strong><em>Β</em></strong></span> <span class='ocrx_word' id='word_1_246' title='bbox 1911 1727 2236 1784; x_wconf 89' lang='lat' dir='ltr'><strong>Cbonradus</strong></span> <span class='ocrx_word' id='word_1_247' title='bbox 2284 1745 2467 1784; x_wconf 90' lang='lat' dir='ltr'><strong>comes</strong></span> <span class='ocrx_word' id='word_1_248' title='bbox 2496 1729 2678 1801; x_wconf 75' lang='grc'><strong>(1551)</strong></span> <span class='ocrx_word' id='word_1_249' title='bbox 2707 1772 2721 1797; x_wconf 88' lang='grc'><em>,</em></span> <span class='ocrx_word' id='word_1_250' title='bbox 2752 1728 2922 1785; x_wconf 78' lang='lat' dir='ltr'><strong>frater</strong></span> <span class='ocrx_word' id='word_1_251' title='bbox 2949 1726 3280 1785; x_wconf 82' lang='lat' dir='ltr'><strong>Heremanni</strong></span> <span class='ocrx_word' id='word_1_252' title='bbox 3308 1729 3454 1801; x_wconf 89' lang='lat' dir='ltr'><strong>regis</strong></span> <span class='ocrx_word' id='word_1_253' title='bbox 3479 1772 3496 1797; x_wconf 92' lang='lat'><strong>,</strong></span> 
     </span>
    </p>
   </div>
   <div class='ocr_carea' id='block_1_34' title="bbox 214 1818 1859 1897">
    <p class='ocr_par' dir='ltr' id='par_1_34' title="bbox 214 1818 1859 1897">
     <span class='ocr_line' id='line_1_34' title="bbox 214 1818 1859 1897; baseline 0.004 -25"><span class='ocrx_word' id='word_1_254' title='bbox 214 1818 328 1891; x_wconf 82' lang='lat' dir='ltr'><strong>jam</strong></span> <span class='ocrx_word' id='word_1_255' title='bbox 348 1819 467 1889; x_wconf 86' lang='lat' dir='ltr'><strong>jam</strong></span> <span class='ocrx_word' id='word_1_256' title='bbox 496 1823 849 1891; x_wconf 85' lang='lat' dir='ltr'><strong>congressuri</strong></span> <span class='ocrx_word' id='word_1_257' title='bbox 876 1832 1094 1890; x_wconf 87' lang='lat' dir='ltr'><strong>essent,</strong></span> <span class='ocrx_word' id='word_1_258' title='bbox 1128 1838 1319 1878; x_wconf 87' lang='lat' dir='ltr'><strong>omnes</strong></span> <span class='ocrx_word' id='word_1_259' title='bbox 1348 1822 1400 1876; x_wconf 94' lang='lat' dir='ltr'><strong>in</strong></span> <span class='ocrx_word' id='word_1_260' title='bbox 1442 1830 1638 1877; x_wconf 89' lang='lat' dir='ltr'><strong>terram</strong></span> <span class='ocrx_word' id='word_1_261' title='bbox 1675 1838 1789 1892; x_wconf 90' lang='lat' dir='ltr'><strong>pro-</strong></span> <span class='ocrx_word' id='word_1_262' title='bbox 1856 1892 1859 1897; x_wconf 21' lang='grc' dir='ltr'>η</span> 
     </span>
    </p>
   </div>
   <div class='ocr_carea' id='block_1_35' title="bbox 218 1911 1806 1985">
    <p class='ocr_par' dir='ltr' id='par_1_35' title="bbox 218 1911 1806 1985">
     <span class='ocr_line' id='line_1_35' title="bbox 218 1911 1806 1985; baseline 0.002 -18"><span class='ocrx_word' id='word_1_263' title='bbox 218 1911 372 1967; x_wconf 84' lang='lat' dir='ltr'><strong>strati</strong></span> <span class='ocrx_word' id='word_1_264' title='bbox 415 1913 593 1969; x_wconf 89' lang='lat' dir='ltr'><strong>celum</strong></span> <span class='ocrx_word' id='word_1_265' title='bbox 626 1914 875 1969; x_wconf 87' lang='lat' dir='ltr'><strong>oratione</strong></span> <span class='ocrx_word' id='word_1_266' title='bbox 909 1923 1365 1985; x_wconf 87' lang='lat' dir='ltr'><strong>penetraverunt,</strong></span> <span class='ocrx_word' id='word_1_267' title='bbox 1398 1930 1562 1985; x_wconf 89' lang='lat' dir='ltr'><strong>quam</strong></span> <span class='ocrx_word' id='word_1_268' title='bbox 1598 1930 1697 1984; x_wconf 91' lang='lat' dir='ltr'><strong>pro</strong></span> <span class='ocrx_word' id='word_1_269' title='bbox 1726 1914 1806 1970; x_wconf 90' lang='lat' dir='ltr'><strong>eis</strong></span> 
     </span>
    </p>
   </div>
   <div class='ocr_carea' id='block_1_36' title="bbox 217 2002 1804 2078">
    <p class='ocr_par' dir='ltr' id='par_1_36' title="bbox 217 2002 1804 2078">
     <span class='ocr_line' id='line_1_36' title="bbox 217 2002 1804 2078; baseline 0.003 -22"><span class='ocrx_word' id='word_1_270' title='bbox 217 2002 418 2058; x_wconf 89' lang='lat' dir='ltr'><strong>ibidem</strong></span> <span class='ocrx_word' id='word_1_271' title='bbox 468 2006 945 2062; x_wconf 86' lang='lat' dir='ltr'><strong>reverentissimus</strong></span> <span class='ocrx_word' id='word_1_272' title='bbox 993 2006 1491 2078; x_wconf 80' lang='lat' dir='ltr'><strong>Magideburgensis</strong></span> <span class='ocrx_word' id='word_1_273' title='bbox 1533 2007 1804 2076; x_wconf 89' lang='lat' dir='ltr'><strong>archiepi-</strong></span> 
     </span>
    </p>
   </div>
   <div class='ocr_carea' id='block_1_37' title="bbox 216 2098 1803 2171">
    <p class='ocr_par' dir='ltr' id='par_1_37' title="bbox 216 2098 1803 2171">
     <span class='ocr_line' id='line_1_37' title="bbox 216 2098 1803 2171; baseline 0.003 -21"><span class='ocrx_word' id='word_1_274' title='bbox 216 2110 421 2165; x_wconf 87' lang='lat' dir='ltr'><strong>scopus</strong></span> <span class='ocrx_word' id='word_1_275' title='bbox 452 2098 637 2169; x_wconf 72' lang='lat'><strong>(1552)</strong></span> <span class='ocrx_word' id='word_1_276' title='bbox 671 2116 795 2155; x_wconf 90' lang='lat' dir='ltr'><strong>cum</strong></span> <span class='ocrx_word' id='word_1_277' title='bbox 822 2101 1009 2155; x_wconf 87' lang='lat' dir='ltr'><strong>multis</strong></span> <span class='ocrx_word' id='word_1_278' title='bbox 1037 2100 1278 2155; x_wconf 86' lang='lat' dir='ltr'><strong>lacrimis</strong></span> <span class='ocrx_word' id='word_1_279' title='bbox 1305 2109 1359 2155; x_wconf 90' lang='lat' dir='ltr'><strong>et</strong></span> <span class='ocrx_word' id='word_1_280' title='bbox 1386 2100 1678 2171; x_wconf 85' lang='lat' dir='ltr'><strong>gemitibus</strong></span> <span class='ocrx_word' id='word_1_281' title='bbox 1720 2100 1803 2155; x_wconf 85' lang='lat' dir='ltr'><strong>cf—</strong></span> 
     </span>
    </p>
   </div>
   <div class='ocr_carea' id='block_1_38' title="bbox 215 2184 1802 2263">
    <p class='ocr_par' dir='ltr' id='par_1_38' title="bbox 215 2184 1802 2263">
     <span class='ocr_line' id='line_1_38' title="bbox 215 2184 1802 2263; baseline 0.004 -23"><span class='ocrx_word' id='word_1_282' title='bbox 215 2184 368 2244; x_wconf 87' lang='lat' dir='ltr'><strong>fudit.</strong></span> <span class='ocrx_word' id='word_1_283' title='bbox 407 2187 578 2260; x_wconf 86' lang='lat' dir='ltr'><strong>Igitur</strong></span> <span class='ocrx_word' id='word_1_284' title='bbox 612 2191 666 2246; x_wconf 90' lang='lat' dir='ltr'><strong>in</strong></span> <span class='ocrx_word' id='word_1_285' title='bbox 699 2193 917 2247; x_wconf 87' lang='lat' dir='ltr'><strong>nomine</strong></span> <span class='ocrx_word' id='word_1_286' title='bbox 956 2192 1171 2247; x_wconf 87' lang='lat' dir='ltr'><strong>Domini</strong></span> <span class='ocrx_word' id='word_1_287' title='bbox 1202 2194 1481 2263; x_wconf 84' lang='lat' dir='ltr'><strong>congressi</strong></span> <span class='ocrx_word' id='word_1_288' title='bbox 1513 2235 1527 2260; x_wconf 95' lang='lat'><strong>,</strong></span> <span class='ocrx_word' id='word_1_289' title='bbox 1564 2193 1802 2249; x_wconf 86' lang='lat' dir='ltr'><strong>incredi-</strong></span> 
     </span>
    </p>
   </div>
   <div class='ocr_carea' id='block_1_39' title="bbox 215 2278 1803 2356">
    <p class='ocr_par' dir='ltr' id='par_1_39' title="bbox 215 2278 1803 2356">
     <span class='ocr_line' id='line_1_39' title="bbox 215 2278 1803 2356; baseline 0.004 -23"><span class='ocrx_word' id='word_1_290' title='bbox 215 2278 376 2334; x_wconf 88' lang='lat' dir='ltr'><strong>bilem</strong></span> <span class='ocrx_word' id='word_1_291' title='bbox 408 2280 651 2336; x_wconf 89' lang='lat' dir='ltr'><strong>hostium</strong></span> <span class='ocrx_word' id='word_1_292' title='bbox 682 2291 919 2356; x_wconf 87' lang='lat' dir='ltr'><strong>stragem</strong></span> <span class='ocrx_word' id='word_1_293' title='bbox 970 2283 1218 2339; x_wconf 85' lang='lat' dir='ltr'><strong>fecerunt</strong></span> <span class='ocrx_word' id='word_1_294' title='bbox 1245 2326 1260 2353; x_wconf 91' lang='lat'><strong>,</strong></span> <span class='ocrx_word' id='word_1_295' title='bbox 1292 2286 1367 2339; x_wconf 86' lang='lat' dir='ltr'><strong>ita</strong></span> <span class='ocrx_word' id='word_1_296' title='bbox 1406 2294 1464 2340; x_wconf 92' lang='lat' dir='ltr'><strong>ut</strong></span> <span class='ocrx_word' id='word_1_297' title='bbox 1493 2300 1685 2340; x_wconf 86' lang='lat' dir='ltr'><strong>novem</strong></span> <span class='ocrx_word' id='word_1_298' title='bbox 1719 2287 1803 2340; x_wconf 87' lang='lat' dir='ltr'><strong>ni-</strong></span> 
     </span>
    </p>
   </div>
   <div class='ocr_carea' id='block_1_40' title="bbox 218 2370 1799 2446">
    <p class='ocr_par' dir='ltr' id='par_1_40' title="bbox 218 2370 1799 2446">
     <span class='ocr_line' id='line_1_40' title="bbox 218 2370 1799 2446; baseline 0.004 -21"><span class='ocrx_word' id='word_1_299' title='bbox 218 2370 383 2425; x_wconf 88' lang='lat' dir='ltr'><strong>mium</strong></span> <span class='ocrx_word' id='word_1_300' title='bbox 441 2373 569 2429; x_wconf 68' lang='lat' dir='ltr'><strong>alta:</strong></span> <span class='ocrx_word' id='word_1_301' title='bbox 622 2375 905 2446; x_wconf 83' lang='lat' dir='ltr'><strong>congeries</strong></span> <span class='ocrx_word' id='word_1_302' title='bbox 961 2377 1288 2432; x_wconf 86' lang='lat' dir='ltr'><strong>cadaverum</strong></span> <span class='ocrx_word' id='word_1_303' title='bbox 1340 2377 1413 2431; x_wconf 91' lang='lat' dir='ltr'><strong>ibi</strong></span> <span class='ocrx_word' id='word_1_304' title='bbox 1465 2378 1799 2445; x_wconf 85' lang='lat' dir='ltr'><strong>viderentur,</strong></span> 
     </span>
    </p>
   </div>
   <div class='ocr_carea' id='block_1_41' title="bbox 216 2463 1798 2538">
    <p class='ocr_par' dir='ltr' id='par_1_41' title="bbox 216 2463 1798 2538">
     <span class='ocr_line' id='line_1_41' title="bbox 216 2463 1798 2538; baseline 0.005 -22"><span class='ocrx_word' id='word_1_305' title='bbox 216 2470 405 2530; x_wconf 73' lang='lat' dir='ltr'><strong>prmter</strong></span> <span class='ocrx_word' id='word_1_306' title='bbox 435 2463 562 2520; x_wconf 84' lang='lat' dir='ltr'><strong>illos</strong></span> <span class='ocrx_word' id='word_1_307' title='bbox 590 2465 684 2535; x_wconf 92' lang='lat' dir='ltr'><strong>qui</strong></span> <span class='ocrx_word' id='word_1_308' title='bbox 712 2482 809 2536; x_wconf 87' lang='lat' dir='ltr'><strong>per</strong></span> <span class='ocrx_word' id='word_1_309' title='bbox 836 2482 1062 2537; x_wconf 88' lang='lat' dir='ltr'><strong>campos</strong></span> <span class='ocrx_word' id='word_1_310' title='bbox 1090 2476 1144 2522; x_wconf 88' lang='lat' dir='ltr'><strong>et</strong></span> <span class='ocrx_word' id='word_1_311' title='bbox 1172 2467 1337 2523; x_wconf 86' lang='lat' dir='ltr'><strong>silvas</strong></span> <span class='ocrx_word' id='word_1_312' title='bbox 1376 2466 1671 2538; x_wconf 80' lang='lat' dir='ltr'><strong>fugitantes</strong></span> <span class='ocrx_word' id='word_1_313' title='bbox 1702 2484 1798 2523; x_wconf 92' lang='lat' dir='ltr'><strong>oc-</strong></span> 
     </span>
    </p>
   </div>
   <div class='ocr_carea' id='block_1_42' title="bbox 216 2552 1796 2630">
    <p class='ocr_par' dir='ltr' id='par_1_42' title="bbox 216 2552 1796 2630">
     <span class='ocr_line' id='line_1_42' title="bbox 216 2552 1796 2630; baseline 0.006 -25"><span class='ocrx_word' id='word_1_314' title='bbox 216 2552 541 2610; x_wconf 83' lang='lat' dir='ltr'><strong>cubuerunt.</strong></span> <span class='ocrx_word' id='word_1_315' title='bbox 577 2555 866 2614; x_wconf 85' lang='lat' dir='ltr'><strong>IIeinricus</strong></span> <span class='ocrx_word' id='word_1_316' title='bbox 893 2566 1074 2614; x_wconf 89' lang='lat' dir='ltr'><strong>autem</strong></span> <span class='ocrx_word' id='word_1_317' title='bbox 1105 2559 1160 2613; x_wconf 88' lang='lat' dir='ltr'><strong>in</strong></span> <span class='ocrx_word' id='word_1_318' title='bbox 1187 2560 1365 2630; x_wconf 86' lang='lat' dir='ltr'><strong>primo</strong></span> <span class='ocrx_word' id='word_1_319' title='bbox 1416 2560 1619 2630; x_wconf 88' lang='lat' dir='ltr'><strong>impetu</strong></span> <span class='ocrx_word' id='word_1_320' title='bbox 1663 2574 1796 2614; x_wconf 85' lang='lat' dir='ltr'><strong>con-</strong></span> 
     </span>
    </p>
   </div>
   <div class='ocr_carea' id='block_1_43' title="bbox 213 2644 1798 2721">
    <p class='ocr_par' dir='ltr' id='par_1_43' title="bbox 213 2644 1798 2721">
     <span class='ocr_line' id='line_1_43' title="bbox 213 2644 1798 2721; baseline 0.006 -24"><span class='ocrx_word' id='word_1_321' title='bbox 213 2644 517 2713; x_wconf 88' lang='lat' dir='ltr'><strong>gressionis</strong></span> <span class='ocrx_word' id='word_1_322' title='bbox 542 2648 889 2707; x_wconf 86' lang='lat' dir='ltr'><strong>dissimulato</strong></span> <span class='ocrx_word' id='word_1_323' title='bbox 940 2650 1129 2705; x_wconf 84' lang='lat' dir='ltr'><strong>habitu</strong></span> <span class='ocrx_word' id='word_1_324' title='bbox 1174 2650 1384 2721; x_wconf 91' lang='lat' dir='ltr'><strong>primus</strong></span> <span class='ocrx_word' id='word_1_325' title='bbox 1418 2650 1559 2705; x_wconf 89' lang='lat' dir='ltr'><strong>inter</strong></span> <span class='ocrx_word' id='word_1_326' title='bbox 1594 2650 1798 2720; x_wconf 90' lang='lat' dir='ltr'><strong>primos</strong></span> 
     </span>
    </p>
   </div>
   <div class='ocr_carea' id='block_1_44' title="bbox 212 2740 1796 2811">
    <p class='ocr_par' dir='ltr' id='par_1_44' title="bbox 212 2740 1796 2811">
     <span class='ocr_line' id='line_1_44' title="bbox 212 2740 1796 2811; baseline 0.003 -22"><span class='ocrx_word' id='word_1_327' title='bbox 212 2742 359 2807; x_wconf 83' lang='lat' dir='ltr'><strong>terga</strong></span> <span class='ocrx_word' id='word_1_328' title='bbox 398 2747 643 2811; x_wconf 86' lang='lat' dir='ltr'><strong>vertens,</strong></span> <span class='ocrx_word' id='word_1_329' title='bbox 673 2742 859 2797; x_wconf 84' lang='lat' dir='ltr'><strong>omnia</strong></span> <span class='ocrx_word' id='word_1_330' title='bbox 906 2742 1099 2796; x_wconf 65' lang='lat' dir='ltr'><strong>vexilla</strong></span> <span class='ocrx_word' id='word_1_331' title='bbox 1160 2757 1260 2797; x_wconf 91' lang='lat' dir='ltr'><strong>sua</strong></span> <span class='ocrx_word' id='word_1_332' title='bbox 1306 2740 1509 2797; x_wconf 83' lang='lat' dir='ltr'><strong>nostris</strong></span> <span class='ocrx_word' id='word_1_333' title='bbox 1557 2742 1796 2796; x_wconf 87' lang='lat' dir='ltr'><strong>derelin-</strong></span> 
     </span>
    </p>
   </div>
   <div class='ocr_carea' id='block_1_45' title="bbox 210 2832 1791 2903">
    <p class='ocr_par' dir='ltr' id='par_1_45' title="bbox 210 2832 1791 2903">
     <span class='ocr_line' id='line_1_45' title="bbox 210 2832 1791 2903; baseline 0.003 -20"><span class='ocrx_word' id='word_1_334' title='bbox 210 2842 382 2898; x_wconf 86' lang='lat' dir='ltr'><strong>quens</strong></span> <span class='ocrx_word' id='word_1_335' title='bbox 404 2872 421 2897; x_wconf 94' lang='lat'><strong>,</strong></span> <span class='ocrx_word' id='word_1_336' title='bbox 462 2846 639 2903; x_wconf 86' lang='lat' dir='ltr'><strong>usque</strong></span> <span class='ocrx_word' id='word_1_337' title='bbox 672 2833 740 2888; x_wconf 90' lang='lat' dir='ltr'><strong>ad</strong></span> <span class='ocrx_word' id='word_1_338' title='bbox 780 2833 994 2888; x_wconf 82' lang='lat' dir='ltr'><strong>Renum</strong></span> <span class='ocrx_word' id='word_1_339' title='bbox 1030 2832 1164 2889; x_wconf 90' lang='lat' dir='ltr'><strong>satis</strong></span> <span class='ocrx_word' id='word_1_340' title='bbox 1194 2833 1496 2889; x_wconf 84' lang='lat' dir='ltr'><strong>accelerato</strong></span> <span class='ocrx_word' id='word_1_341' title='bbox 1530 2834 1791 2903; x_wconf 89' lang='lat' dir='ltr'><strong>pervenit.</strong></span> 
     </span>
    </p>
   </div>
   <div class='ocr_carea' id='block_1_46' title="bbox 212 2918 1793 2999">
    <p class='ocr_par' dir='ltr' id='par_1_46' title="bbox 212 2918 1793 2999">
     <span class='ocr_line' id='line_1_46' title="bbox 212 2918 1793 2999; baseline 0.003 -24"><span class='ocrx_word' id='word_1_342' title='bbox 212 2918 313 2977; x_wconf 85' lang='lat' dir='ltr'><strong>Sed</strong></span> <span class='ocrx_word' id='word_1_343' title='bbox 342 2923 521 2978; x_wconf 90' lang='lat' dir='ltr'><strong>nostri</strong></span> <span class='ocrx_word' id='word_1_344' title='bbox 550 2939 677 2979; x_wconf 93' lang='lat' dir='ltr'><strong>eum</strong></span> <span class='ocrx_word' id='word_1_345' title='bbox 710 2925 875 2997; x_wconf 91' lang='lat' dir='ltr'><strong>longo</strong></span> <span class='ocrx_word' id='word_1_346' title='bbox 904 2924 1096 2981; x_wconf 86' lang='lat' dir='ltr'><strong>itinere</strong></span> <span class='ocrx_word' id='word_1_347' title='bbox 1124 2924 1375 2999; x_wconf 68' lang='lat' dir='ltr'><strong>insecuti,</strong></span> <span class='ocrx_word' id='word_1_348' title='bbox 1416 2925 1634 2980; x_wconf 83' lang='lat' dir='ltr'><strong>tandem</strong></span> <span class='ocrx_word' id='word_1_349' title='bbox 1673 2942 1793 2980; x_wconf 92' lang='lat' dir='ltr'><strong>ma-</strong></span> 
     </span>
    </p>
   </div>
   <div class='ocr_carea' id='block_1_47' title="bbox 206 3015 1855 3109">
    <p class='ocr_par' dir='ltr' id='par_1_47' title="bbox 206 3015 1855 3109">
     <span class='ocr_line' id='line_1_47' title="bbox 206 3015 1855 3109; baseline -0.009 -26"><span class='ocrx_word' id='word_1_350' title='bbox 206 3027 361 3109; x_wconf 66' lang='grc' dir='ltr'><strong>εηειφ</strong></span> <span class='ocrx_word' id='word_1_351' title='bbox 401 3015 647 3109; x_wconf 64' lang='lat' dir='ltr'><strong>praedam</strong></span> <span class='ocrx_word' id='word_1_352' title='bbox 682 3016 750 3072; x_wconf 90' lang='lat' dir='ltr'><strong>de</strong></span> <span class='ocrx_word' id='word_1_353' title='bbox 774 3016 1025 3074; x_wconf 89' lang='lat' dir='ltr'><strong>hostibus</strong></span> <span class='ocrx_word' id='word_1_354' title='bbox 1051 3024 1481 3109; x_wconf 86' lang='lat' dir='ltr'><strong>reportaverunt.</strong></span> <span class='ocrx_word' id='word_1_355' title='bbox 1514 3015 1691 3087; x_wconf 87' lang='lat' dir='ltr'><strong>Ipsius</strong></span> <span class='ocrx_word' id='word_1_356' title='bbox 1716 3016 1787 3109; x_wconf 57' lang='grc' dir='ltr'>Ψ</span> <span class='ocrx_word' id='word_1_357' title='bbox 1814 3053 1855 3109; x_wconf 78' lang='lat' dir='ltr'><strong><em>C</em></strong></span> 
     </span>
    </p>
   </div>
   <div class='ocr_carea' id='block_1_48' title="bbox 205 3106 1787 3181">
    <p class='ocr_par' dir='ltr' id='par_1_48' title="bbox 205 3106 1787 3181">
     <span class='ocr_line' id='line_1_48' title="bbox 205 3106 1787 3181; baseline 0.003 -22"><span class='ocrx_word' id='word_1_358' title='bbox 205 3106 343 3159; x_wconf 84' lang='lat' dir='ltr'><strong>sane&#39;</strong></span> <span class='ocrx_word' id='word_1_359' title='bbox 360 3106 569 3175; x_wconf 90' lang='lat' dir='ltr'><strong>scrinia</strong></span> <span class='ocrx_word' id='word_1_360' title='bbox 599 3123 725 3163; x_wconf 89' lang='lat' dir='ltr'><strong>cum</strong></span> <span class='ocrx_word' id='word_1_361' title='bbox 753 3109 1093 3166; x_wconf 87' lang='lat' dir='ltr'><strong>vestimentis</strong></span> <span class='ocrx_word' id='word_1_362' title='bbox 1122 3109 1414 3181; x_wconf 88' lang='lat' dir='ltr'><strong>regalibus,</strong></span> <span class='ocrx_word' id='word_1_363' title='bbox 1445 3108 1573 3164; x_wconf 90' lang='lat' dir='ltr'><strong>item</strong></span> <span class='ocrx_word' id='word_1_364' title='bbox 1600 3108 1787 3165; x_wconf 90' lang='lat' dir='ltr'><strong>nescio</strong></span> 
     </span>
    </p>
   </div>
   <div class='ocr_carea' id='block_1_49' title="bbox 203 3199 1791 3274">
    <p class='ocr_par' dir='ltr' id='par_1_49' title="bbox 203 3199 1791 3274">
     <span class='ocr_line' id='line_1_49' title="bbox 203 3199 1791 3274; baseline 0.001 -23"><span class='ocrx_word' id='word_1_365' title='bbox 203 3206 335 3267; x_wconf 90' lang='lat' dir='ltr'><strong>quot</strong></span> <span class='ocrx_word' id='word_1_366' title='bbox 378 3199 624 3269; x_wconf 88' lang='lat' dir='ltr'><strong>capellas</strong></span> <span class='ocrx_word' id='word_1_367' title='bbox 656 3202 1038 3272; x_wconf 82' lang='lat' dir='ltr'><strong>episcoporum</strong></span> <span class='ocrx_word' id='word_1_368' title='bbox 1079 3201 1262 3274; x_wconf 75' lang='lat'><strong>(1355)</strong></span> <span class='ocrx_word' id='word_1_369' title='bbox 1302 3216 1427 3256; x_wconf 90' lang='lat' dir='ltr'><strong>cum</strong></span> <span class='ocrx_word' id='word_1_370' title='bbox 1467 3199 1590 3255; x_wconf 90' lang='lat' dir='ltr'><strong>aliis</strong></span> <span class='ocrx_word' id='word_1_371' title='bbox 1626 3199 1791 3254; x_wconf 91' lang='lat' dir='ltr'><strong>innu—</strong></span> 
     </span>
    </p>
   </div>
   <div class='ocr_carea' id='block_1_50' title="bbox 201 3285 1793 3363">
    <p class='ocr_par' dir='ltr' id='par_1_50' title="bbox 201 3285 1793 3363">
     <span class='ocr_line' id='line_1_50' title="bbox 201 3285 1793 3363; baseline 0.001 -21"><span class='ocrx_word' id='word_1_372' title='bbox 201 3289 561 3346; x_wconf 83' lang='lat' dir='ltr'><strong>merabilibus</strong></span> <span class='ocrx_word' id='word_1_373' title='bbox 584 3292 761 3346; x_wconf 92' lang='lat' dir='ltr'><strong>nostri</strong></span> <span class='ocrx_word' id='word_1_374' title='bbox 790 3299 1120 3363; x_wconf 85' lang='lat' dir='ltr'><strong>acceperunt</strong></span> <span class='ocrx_word' id='word_1_375' title='bbox 1142 3291 1231 3345; x_wconf 65' lang='grc'><strong>³⁸³.</strong></span> <span class='ocrx_word' id='word_1_376' title='bbox 1263 3289 1323 3346; x_wconf 92' lang='lat' dir='ltr'><strong>In</strong></span> <span class='ocrx_word' id='word_1_377' title='bbox 1353 3290 1446 3347; x_wconf 90' lang='lat' dir='ltr'><strong>illa</strong></span> <span class='ocrx_word' id='word_1_378' title='bbox 1472 3285 1638 3361; x_wconf 85' lang='lat' dir='ltr'><strong>igitur</strong></span> <span class='ocrx_word' id='word_1_379' title='bbox 1661 3305 1793 3344; x_wconf 88' lang='lat' dir='ltr'><strong>con-</strong></span> 
     </span>
    </p>
   </div>
   <div class='ocr_carea' id='block_1_51' title="bbox 201 3379 1788 3452">
    <p class='ocr_par' dir='ltr' id='par_1_51' title="bbox 201 3379 1788 3452">
     <span class='ocr_line' id='line_1_51' title="bbox 201 3379 1788 3452; baseline 0.003 -21"><span class='ocrx_word' id='word_1_380' title='bbox 201 3380 485 3448; x_wconf 84' lang='lat' dir='ltr'><strong>gressione</strong></span> <span class='ocrx_word' id='word_1_381' title='bbox 532 3389 670 3452; x_wconf 90' lang='lat' dir='ltr'><strong>quot</strong></span> <span class='ocrx_word' id='word_1_382' title='bbox 717 3382 866 3438; x_wconf 90' lang='lat' dir='ltr'><strong>milia</strong></span> <span class='ocrx_word' id='word_1_383' title='bbox 916 3382 1356 3441; x_wconf 84' lang='lat' dir='ltr'><strong>adversariorum</strong></span> <span class='ocrx_word' id='word_1_384' title='bbox 1412 3379 1788 3450; x_wconf 76' lang='lat' dir='ltr'><strong>occabuerint,</strong></span> 
     </span>
    </p>
   </div>
   <div class='ocr_carea' id='block_1_52' title="bbox 204 3471 1789 3547">
    <p class='ocr_par' dir='ltr' id='par_1_52' title="bbox 204 3471 1789 3547">
     <span class='ocr_line' id='line_1_52' title="bbox 204 3471 1789 3547; baseline 0.002 -24"><span class='ocrx_word' id='word_1_385' title='bbox 204 3472 445 3528; x_wconf 88' lang='lat' dir='ltr'><strong>nondum</strong></span> <span class='ocrx_word' id='word_1_386' title='bbox 490 3474 777 3543; x_wconf 83' lang='lat' dir='ltr'><strong>explorare</strong></span> <span class='ocrx_word' id='word_1_387' title='bbox 807 3475 1107 3547; x_wconf 90' lang='lat' dir='ltr'><strong>potuimus.</strong></span> <span class='ocrx_word' id='word_1_388' title='bbox 1140 3471 1222 3527; x_wconf 77' lang='lat' dir='ltr'><strong>Ex</strong></span> <span class='ocrx_word' id='word_1_389' title='bbox 1249 3481 1403 3543; x_wconf 87' lang='lat' dir='ltr'><strong>parte</strong></span> <span class='ocrx_word' id='word_1_390' title='bbox 1437 3480 1621 3529; x_wconf 87' lang='lat' dir='ltr'><strong>autem</strong></span> <span class='ocrx_word' id='word_1_391' title='bbox 1654 3471 1789 3527; x_wconf 87' lang='lat' dir='ltr'><strong>ﬁde-</strong></span> 
     </span>
    </p>
   </div>
   <div class='ocr_carea' id='block_1_53' title="bbox 202 3559 1788 3642">
    <p class='ocr_par' dir='ltr' id='par_1_53' title="bbox 202 3559 1788 3642">
     <span class='ocr_line' id='line_1_53' title="bbox 202 3559 1788 3642; baseline 0.004 -28"><span class='ocrx_word' id='word_1_392' title='bbox 202 3559 331 3642; x_wconf 87' lang='lat' dir='ltr'><strong>lium</strong></span> <span class='ocrx_word' id='word_1_393' title='bbox 358 3565 538 3637; x_wconf 79' lang='lat' dir='ltr'><strong>sancti</strong></span> <span class='ocrx_word' id='word_1_394' title='bbox 566 3563 709 3620; x_wconf 87' lang='lat' dir='ltr'><strong>Petri</strong></span> <span class='ocrx_word' id='word_1_395' title='bbox 749 3567 967 3624; x_wconf 92' lang='lat' dir='ltr'><strong>nonnisi</strong></span> <span class='ocrx_word' id='word_1_396' title='bbox 998 3566 1310 3639; x_wconf 85' lang='lat' dir='ltr'><strong>quindecim</strong></span> <span class='ocrx_word' id='word_1_397' title='bbox 1353 3566 1603 3622; x_wconf 88' lang='lat' dir='ltr'><strong>homines</strong></span> <span class='ocrx_word' id='word_1_398' title='bbox 1636 3579 1788 3620; x_wconf 79' lang='lat' dir='ltr'><strong>mor—</strong></span> 
     </span>
    </p>
   </div>
   <div class='ocr_carea' id='block_1_54' title="bbox 202 3642 1789 3730">
    <p class='ocr_par' dir='ltr' id='par_1_54' title="bbox 202 3642 1789 3730">
     <span class='ocr_line' id='line_1_54' title="bbox 202 3642 1789 3730; baseline 0.004 -23"><span class='ocrx_word' id='word_1_399' title='bbox 202 3660 325 3719; x_wconf 80' lang='lat' dir='ltr'><strong>tuos</strong></span> <span class='ocrx_word' id='word_1_400' title='bbox 359 3655 609 3713; x_wconf 88' lang='lat' dir='ltr'><strong>invenire</strong></span> <span class='ocrx_word' id='word_1_401' title='bbox 635 3658 935 3728; x_wconf 89' lang='lat' dir='ltr'><strong>potuimus,</strong></span> <span class='ocrx_word' id='word_1_402' title='bbox 967 3659 1096 3715; x_wconf 90' lang='lat' dir='ltr'><strong>licet</strong></span> <span class='ocrx_word' id='word_1_403' title='bbox 1125 3658 1195 3691; x_wconf 51' lang='lat' dir='ltr'><strong>l“</strong></span> <span class='ocrx_word' id='word_1_404' title='bbox 1227 3642 1640 3728; x_wconf 78' lang='lat' dir='ltr'><strong>diligentissime</strong></span> <span class='ocrx_word' id='word_1_405' title='bbox 1665 3673 1789 3730; x_wconf 89' lang='lat' dir='ltr'><strong>per—</strong></span> 
     </span>
    </p>
   </div>
   <div class='ocr_carea' id='block_1_55' title="bbox 201 3743 1788 3820">
    <p class='ocr_par' dir='ltr' id='par_1_55' title="bbox 201 3743 1788 3820">
     <span class='ocr_line' id='line_1_55' title="bbox 201 3743 1788 3820; baseline 0.005 -23"><span class='ocrx_word' id='word_1_406' title='bbox 201 3743 547 3811; x_wconf 85' lang='lat' dir='ltr'><strong>quireremus</strong></span> <span class='ocrx_word' id='word_1_407' title='bbox 579 3789 595 3814; x_wconf 90' lang='lat'><strong>,</strong></span> <span class='ocrx_word' id='word_1_408' title='bbox 627 3758 682 3804; x_wconf 87' lang='lat' dir='ltr'><strong>et</strong></span> <span class='ocrx_word' id='word_1_409' title='bbox 710 3749 954 3819; x_wconf 86' lang='lat' dir='ltr'><strong>ipsorum</strong></span> <span class='ocrx_word' id='word_1_410' title='bbox 984 3749 1296 3820; x_wconf 87' lang='lat' dir='ltr'><strong>quindecim</strong></span> <span class='ocrx_word' id='word_1_411' title='bbox 1332 3749 1555 3805; x_wconf 90' lang='lat' dir='ltr'><strong>nonnisi</strong></span> <span class='ocrx_word' id='word_1_412' title='bbox 1586 3759 1696 3806; x_wconf 91' lang='lat' dir='ltr'><strong>tres</strong></span> <span class='ocrx_word' id='word_1_413' title='bbox 1731 3751 1788 3805; x_wconf 92' lang='lat' dir='ltr'><strong>in</strong></span> 
     </span>
    </p>
   </div>
   <div class='ocr_carea' id='block_1_56' title="bbox 201 3832 1785 3913">
    <p class='ocr_par' dir='ltr' id='par_1_56' title="bbox 201 3832 1785 3913">
     <span class='ocr_line' id='line_1_56' title="bbox 201 3832 1785 3913; baseline 0.006 -27"><span class='ocrx_word' id='word_1_414' title='bbox 201 3832 319 3889; x_wconf 85' lang='lat' dir='ltr'><strong>loco</strong></span> <span class='ocrx_word' id='word_1_415' title='bbox 353 3839 673 3896; x_wconf 85' lang='lat' dir='ltr'><strong>certaminis</strong></span> <span class='ocrx_word' id='word_1_416' title='bbox 716 3840 1007 3908; x_wconf 90' lang='lat' dir='ltr'><strong>obierunt,</strong></span> <span class='ocrx_word' id='word_1_417' title='bbox 1040 3855 1168 3895; x_wconf 90' lang='lat' dir='ltr'><strong>nam</strong></span> <span class='ocrx_word' id='word_1_418' title='bbox 1198 3840 1394 3911; x_wconf 89' lang='lat' dir='ltr'><strong>reliqui</strong></span> <span class='ocrx_word' id='word_1_419' title='bbox 1426 3840 1635 3913; x_wconf 88' lang='lat' dir='ltr'><strong>aliquot</strong></span> <span class='ocrx_word' id='word_1_420' title='bbox 1667 3839 1785 3896; x_wconf 89' lang='lat' dir='ltr'><strong>die-</strong></span> 
     </span>
    </p>
   </div>
   <div class='ocr_carea' id='block_1_57' title="bbox 201 3922 1788 3999">
    <p class='ocr_par' dir='ltr' id='par_1_57' title="bbox 201 3922 1788 3999">
     <span class='ocr_line' id='line_1_57' title="bbox 201 3922 1788 3999; baseline 0.003 -16"><span class='ocrx_word' id='word_1_421' title='bbox 201 3922 302 3983; x_wconf 78' lang='lat' dir='ltr'><strong>bus</strong></span> <span class='ocrx_word' id='word_1_422' title='bbox 330 3939 523 3999; x_wconf 90' lang='lat' dir='ltr'><strong>postea</strong></span> <span class='ocrx_word' id='word_1_423' title='bbox 550 3933 823 3988; x_wconf 81' lang='lat' dir='ltr'><strong>vixerunt.</strong></span> <span class='ocrx_word' id='word_1_424' title='bbox 856 3931 1001 3988; x_wconf 91' lang='lat' dir='ltr'><strong>Inter</strong></span> <span class='ocrx_word' id='word_1_425' title='bbox 1030 3940 1278 3987; x_wconf 88' lang='lat' dir='ltr'><strong>mortuos</strong></span> <span class='ocrx_word' id='word_1_426' title='bbox 1309 3938 1490 3986; x_wconf 91' lang='lat' dir='ltr'><strong>autem</strong></span> <span class='ocrx_word' id='word_1_427' title='bbox 1518 3940 1573 3986; x_wconf 93' lang='lat' dir='ltr'><strong>et</strong></span> <span class='ocrx_word' id='word_1_428' title='bbox 1597 3933 1788 3987; x_wconf 72' lang='lat' dir='ltr'><strong>Vulne-</strong></span> 
     </span>
    </p>
   </div>
   <div class='ocr_carea' id='block_1_58' title="bbox 200 4023 1779 4096">
    <p class='ocr_par' dir='ltr' id='par_1_58' title="bbox 200 4023 1779 4096">
     <span class='ocr_line' id='line_1_58' title="bbox 200 4023 1779 4096; baseline 0.006 -28"><span class='ocrx_word' id='word_1_429' title='bbox 200 4026 349 4074; x_wconf 90' lang='lat' dir='ltr'><strong>ratos</strong></span> <span class='ocrx_word' id='word_1_430' title='bbox 374 4023 597 4089; x_wconf 87' lang='lat' dir='ltr'><strong>nonnisi</strong></span> <span class='ocrx_word' id='word_1_431' title='bbox 629 4023 855 4096; x_wconf 25' lang='lat' dir='ltr'><strong>triginta.</strong></span> <span class='ocrx_word' id='word_1_432' title='bbox 876 4024 1115 4095; x_wconf 89' lang='lat' dir='ltr'><strong>reperire</strong></span> <span class='ocrx_word' id='word_1_433' title='bbox 1142 4023 1420 4094; x_wconf 85' lang='lat' dir='ltr'><strong>potuimus</strong></span> <span class='ocrx_word' id='word_1_434' title='bbox 1461 4037 1528 4077; x_wconf 74' lang='lat' dir='ltr'><strong>ex</strong></span> <span class='ocrx_word' id='word_1_435' title='bbox 1557 4024 1779 4079; x_wconf 88' lang='lat' dir='ltr'><strong>nostris.</strong></span> 
     </span>
    </p>
   </div>
   <div class='ocr_carea' id='block_1_59' title="bbox 201 4104 1786 4185">
    <p class='ocr_par' dir='ltr' id='par_1_59' title="bbox 201 4104 1786 4185">
     <span class='ocr_line' id='line_1_59' title="bbox 201 4104 1786 4185; baseline 0.008 -25"><span class='ocrx_word' id='word_1_436' title='bbox 201 4104 268 4162; x_wconf 85' lang='lat' dir='ltr'><strong>Et</strong></span> <span class='ocrx_word' id='word_1_437' title='bbox 290 4110 396 4167; x_wconf 84' lang='lat' dir='ltr'><strong>hoc</strong></span> <span class='ocrx_word' id='word_1_438' title='bbox 422 4114 616 4185; x_wconf 83' lang='lat' dir='ltr'><strong>utique</strong></span> <span class='ocrx_word' id='word_1_439' title='bbox 642 4115 778 4169; x_wconf 86' lang='lat' dir='ltr'><strong>nulli</strong></span> <span class='ocrx_word' id='word_1_440' title='bbox 810 4115 1065 4170; x_wconf 68' lang='lat' dir='ltr'><strong>humanm</strong></span> <span class='ocrx_word' id='word_1_441' title='bbox 1089 4114 1318 4183; x_wconf 89' lang='lat' dir='ltr'><strong>virtuti,</strong></span> <span class='ocrx_word' id='word_1_442' title='bbox 1352 4122 1436 4169; x_wconf 88' lang='lat' dir='ltr'><strong>set</strong></span> <span class='ocrx_word' id='word_1_443' title='bbox 1472 4114 1656 4184; x_wconf 88' lang='lat' dir='ltr'><strong>potius</strong></span> <span class='ocrx_word' id='word_1_444' title='bbox 1701 4115 1786 4173; x_wconf 86' lang='lat' dir='ltr'><strong>di-</strong></span> 
     </span>
    </p>
   </div>
   <div class='ocr_carea' id='block_1_60' title="bbox 201 4196 1783 4286">
    <p class='ocr_par' dir='ltr' id='par_1_60' title="bbox 201 4196 1783 4286">
     <span class='ocr_line' id='line_1_60' title="bbox 201 4196 1783 4286; baseline 0.005 -32"><span class='ocrx_word' id='word_1_445' title='bbox 201 4196 335 4255; x_wconf 76' lang='lat' dir='ltr'><strong>vinae</strong></span> <span class='ocrx_word' id='word_1_446' title='bbox 368 4206 756 4263; x_wconf 88' lang='lat' dir='ltr'><strong>ascribendum</strong></span> <span class='ocrx_word' id='word_1_447' title='bbox 802 4216 887 4263; x_wconf 89' lang='lat' dir='ltr'><strong>est</strong></span> <span class='ocrx_word' id='word_1_448' title='bbox 907 4249 923 4274; x_wconf 89' lang='lat'><strong>,</strong></span> <span class='ocrx_word' id='word_1_449' title='bbox 954 4223 1081 4283; x_wconf 86' lang='lat' dir='ltr'><strong>cum</strong></span> <span class='ocrx_word' id='word_1_450' title='bbox 1108 4207 1292 4263; x_wconf 78' lang='lat' dir='ltr'><strong>fideles</strong></span> <span class='ocrx_word' id='word_1_451' title='bbox 1318 4205 1493 4262; x_wconf 90' lang='lat' dir='ltr'><strong>sancti</strong></span> <span class='ocrx_word' id='word_1_452' title='bbox 1520 4205 1666 4286; x_wconf 84' lang='lat' dir='ltr'><strong>Petri</strong></span> <span class='ocrx_word' id='word_1_453' title='bbox 1691 4206 1783 4262; x_wconf 85' lang='lat' dir='ltr'><strong>vix</strong></span> 
     </span>
    </p>
   </div>
   <div class='ocr_carea' id='block_1_61' title="bbox 199 4287 1780 4367">
    <p class='ocr_par' dir='ltr' id='par_1_61' title="bbox 199 4287 1780 4367">
     <span class='ocr_line' id='line_1_61' title="bbox 199 4287 1780 4367; baseline 0.009 -26"><span class='ocrx_word' id='word_1_454' title='bbox 199 4287 383 4346; x_wconf 88' lang='lat' dir='ltr'><strong>decem</strong></span> <span class='ocrx_word' id='word_1_455' title='bbox 412 4297 565 4353; x_wconf 90' lang='lat' dir='ltr'><strong>milia</strong></span> <span class='ocrx_word' id='word_1_456' title='bbox 600 4299 892 4356; x_wconf 89' lang='lat' dir='ltr'><strong>habuerint</strong></span> <span class='ocrx_word' id='word_1_457' title='bbox 918 4341 933 4367; x_wconf 91' lang='lat'><strong>,</strong></span> <span class='ocrx_word' id='word_1_458' title='bbox 972 4299 1268 4355; x_wconf 87' lang='lat' dir='ltr'><strong>adversarii</strong></span> <span class='ocrx_word' id='word_1_459' title='bbox 1294 4308 1476 4355; x_wconf 89' lang='lat' dir='ltr'><strong>autem</strong></span> <span class='ocrx_word' id='word_1_460' title='bbox 1501 4300 1665 4356; x_wconf 91' lang='lat' dir='ltr'><strong>etiam</strong></span> <span class='ocrx_word' id='word_1_461' title='bbox 1697 4301 1780 4355; x_wconf 86' lang='lat' dir='ltr'><strong>vi-</strong></span> 
     </span>
    </p>
   </div>
   <div class='ocr_carea' id='block_1_62' title="bbox 1911 1819 3500 1889">
    <p class='ocr_par' dir='ltr' id='par_1_62' title="bbox 1911 1819 3500 1889">
     <span class='ocr_line' id='line_1_62' title="bbox 1911 1819 3500 1889; baseline 0 -14"><span class='ocrx_word' id='word_1_462' title='bbox 1911 1829 1992 1875; x_wconf 89' lang='lat' dir='ltr'><strong>set</strong></span> <span class='ocrx_word' id='word_1_463' title='bbox 2022 1819 2328 1877; x_wconf 86' lang='lat' dir='ltr'><strong>indefessus</strong></span> <span class='ocrx_word' id='word_1_464' title='bbox 2375 1820 2557 1877; x_wconf 80' lang='lat' dir='ltr'><strong>fautor</strong></span> <span class='ocrx_word' id='word_1_465' title='bbox 2602 1819 2842 1877; x_wconf 87' lang='lat' dir='ltr'><strong>Heinrici</strong></span> <span class='ocrx_word' id='word_1_466' title='bbox 2868 1863 2883 1889; x_wconf 91' lang='lat'><strong>,</strong></span> <span class='ocrx_word' id='word_1_467' title='bbox 2936 1821 2993 1876; x_wconf 91' lang='lat' dir='ltr'><strong>in</strong></span> <span class='ocrx_word' id='word_1_468' title='bbox 3028 1820 3135 1876; x_wconf 81' lang='lat' dir='ltr'><strong>fine</strong></span> <span class='ocrx_word' id='word_1_469' title='bbox 3163 1829 3345 1876; x_wconf 90' lang='lat' dir='ltr'><strong>tamen</strong></span> <span class='ocrx_word' id='word_1_470' title='bbox 3371 1862 3386 1888; x_wconf 95' lang='lat'><strong>,</strong></span> <span class='ocrx_word' id='word_1_471' title='bbox 3436 1827 3500 1875; x_wconf 89' lang='lat' dir='ltr'><strong>ut</strong></span> 
     </span>
    </p>
   </div>
   <div class='ocr_carea' id='block_1_63' title="bbox 1909 1910 3496 1981">
    <p class='ocr_par' dir='ltr' id='par_1_63' title="bbox 1909 1910 3496 1981">
     <span class='ocr_line' id='line_1_63' title="bbox 1909 1910 3496 1981; baseline -0.001 -14"><span class='ocrx_word' id='word_1_472' title='bbox 1909 1912 2101 1981; x_wconf 89' lang='lat' dir='ltr'><strong>aiunt,</strong></span> <span class='ocrx_word' id='word_1_473' title='bbox 2132 1914 2518 1969; x_wconf 87' lang='lat' dir='ltr'><strong>reconciliatus</strong></span> <span class='ocrx_word' id='word_1_474' title='bbox 2546 1914 2774 1969; x_wconf 74' lang='lat' dir='ltr'><strong>ecclesia:</strong></span> <span class='ocrx_word' id='word_1_475' title='bbox 2794 1956 2810 1981; x_wconf 89' lang='lat'><strong>,</strong></span> <span class='ocrx_word' id='word_1_476' title='bbox 2842 1912 2900 1968; x_wconf 93' lang='lat' dir='ltr'><strong>in</strong></span> <span class='ocrx_word' id='word_1_477' title='bbox 2936 1910 3378 1969; x_wconf 79' lang='lat' dir='ltr'><strong>Jerosolimitano</strong></span> <span class='ocrx_word' id='word_1_478' title='bbox 3406 1911 3496 1967; x_wconf 84' lang='lat' dir='ltr'><strong>iti-</strong></span> 
     </span>
    </p>
   </div>
   <div class='ocr_carea' id='block_1_64' title="bbox 1908 2001 3494 2075">
    <p class='ocr_par' dir='ltr' id='par_1_64' title="bbox 1908 2001 3494 2075">
     <span class='ocr_line' id='line_1_64' title="bbox 1908 2001 3494 2075; baseline 0.001 -17"><span class='ocrx_word' id='word_1_479' title='bbox 1908 2019 2037 2059; x_wconf 89' lang='lat' dir='ltr'><strong>nere</strong></span> <span class='ocrx_word' id='word_1_480' title='bbox 2064 2003 2201 2060; x_wconf 90' lang='lat' dir='ltr'><strong>obiit</strong></span> <span class='ocrx_word' id='word_1_481' title='bbox 2223 2005 2313 2060; x_wconf 67' lang='lat'><strong>&quot;3.</strong></span> <span class='ocrx_word' id='word_1_482' title='bbox 2346 2005 2545 2061; x_wconf 89' lang='lat' dir='ltr'><strong>Beatus</strong></span> <span class='ocrx_word' id='word_1_483' title='bbox 2572 2004 2885 2071; x_wconf 78' lang='lat' dir='ltr'><strong>Anselmus,</strong></span> <span class='ocrx_word' id='word_1_484' title='bbox 2921 2004 3201 2075; x_wconf 89' lang='lat' dir='ltr'><strong>quondam</strong></span> <span class='ocrx_word' id='word_1_485' title='bbox 3229 2001 3494 2060; x_wconf 75' lang='lat' dir='ltr'><strong>Lucensis</strong></span> 
     </span>
    </p>
   </div>
   <div class='ocr_carea' id='block_1_65' title="bbox 1905 2094 3494 2167">
    <p class='ocr_par' dir='ltr' id='par_1_65' title="bbox 1905 2094 3494 2167">
     <span class='ocr_line' id='line_1_65' title="bbox 1905 2094 3494 2167; baseline 0.001 -17"><span class='ocrx_word' id='word_1_486' title='bbox 1905 2095 2193 2166; x_wconf 85' lang='lat' dir='ltr'><strong>episcopus</strong></span> <span class='ocrx_word' id='word_1_487' title='bbox 2218 2140 2233 2163; x_wconf 91' lang='lat'><strong>,</strong></span> <span class='ocrx_word' id='word_1_488' title='bbox 2262 2096 2383 2167; x_wconf 89' lang='lat' dir='ltr'><strong>ipso</strong></span> <span class='ocrx_word' id='word_1_489' title='bbox 2412 2097 2603 2152; x_wconf 90' lang='lat' dir='ltr'><strong>eodem</strong></span> <span class='ocrx_word' id='word_1_490' title='bbox 2630 2096 2986 2167; x_wconf 89' lang='lat' dir='ltr'><strong>depositionis</strong></span> <span class='ocrx_word' id='word_1_491' title='bbox 3018 2110 3131 2151; x_wconf 70' lang='lat' dir='ltr'><strong>sua:</strong></span> <span class='ocrx_word' id='word_1_492' title='bbox 3159 2108 3305 2150; x_wconf 89' lang='lat' dir='ltr'><strong>anno</strong></span> <span class='ocrx_word' id='word_1_493' title='bbox 3331 2094 3494 2151; x_wconf 65' lang='lat' dir='ltr'><strong>innuz-</strong></span> 
     </span>
    </p>
   </div>
   <div class='ocr_carea' id='block_1_66' title="bbox 1905 2184 3492 2257">
    <p class='ocr_par' dir='ltr' id='par_1_66' title="bbox 1905 2184 3492 2257">
     <span class='ocr_line' id='line_1_66' title="bbox 1905 2184 3492 2257; baseline -0.001 -18"><span class='ocrx_word' id='word_1_494' title='bbox 1905 2186 2259 2242; x_wconf 91' lang='lat' dir='ltr'><strong>mcrabilihus</strong></span> <span class='ocrx_word' id='word_1_495' title='bbox 2304 2187 2586 2243; x_wconf 85' lang='lat' dir='ltr'><strong>miraculis</strong></span> <span class='ocrx_word' id='word_1_496' title='bbox 2616 2188 2759 2257; x_wconf 90' lang='lat' dir='ltr'><strong>cepit</strong></span> <span class='ocrx_word' id='word_1_497' title='bbox 2784 2200 3077 2243; x_wconf 87' lang='lat' dir='ltr'><strong>coruscare</strong></span> <span class='ocrx_word' id='word_1_498' title='bbox 3127 2186 3312 2257; x_wconf 77' lang='grc'><strong>(1555)</strong></span> <span class='ocrx_word' id='word_1_499' title='bbox 3344 2227 3359 2251; x_wconf 90' lang='grc'><em>,</em></span> <span class='ocrx_word' id='word_1_500' title='bbox 3396 2184 3492 2255; x_wconf 85' lang='lat' dir='ltr'><strong>qui</strong></span> 
     </span>
    </p>
   </div>
   <div class='ocr_carea' id='block_1_67' title="bbox 1902 2275 3492 2348">
    <p class='ocr_par' dir='ltr' id='par_1_67' title="bbox 1902 2275 3492 2348">
     <span class='ocr_line' id='line_1_67' title="bbox 1902 2275 3492 2348; baseline -0.001 -17"><span class='ocrx_word' id='word_1_501' title='bbox 1902 2284 2027 2346; x_wconf 92' lang='lat' dir='ltr'><strong>post</strong></span> <span class='ocrx_word' id='word_1_502' title='bbox 2063 2277 2272 2333; x_wconf 90' lang='lat' dir='ltr'><strong>obitum</strong></span> <span class='ocrx_word' id='word_1_503' title='bbox 2318 2278 2645 2334; x_wconf 89' lang='lat' dir='ltr'><strong>venerabilis</strong></span> <span class='ocrx_word' id='word_1_504' title='bbox 2691 2292 2845 2348; x_wconf 76' lang='lat' dir='ltr'><strong>papze</strong></span> <span class='ocrx_word' id='word_1_505' title='bbox 2889 2277 3138 2347; x_wconf 82' lang='lat' dir='ltr'><strong>Gregorii</strong></span> <span class='ocrx_word' id='word_1_506' title='bbox 3182 2275 3275 2331; x_wconf 78' lang='lat' dir='ltr'><strong>VII</strong></span> <span class='ocrx_word' id='word_1_507' title='bbox 3304 2276 3492 2332; x_wconf 84' lang='lat' dir='ltr'><strong>fidech</strong></span> 
     </span>
    </p>
   </div>
   <div class='ocr_carea' id='block_1_68' title="bbox 1902 2356 3490 2424">
    <p class='ocr_par' dir='ltr' id='par_1_68' title="bbox 1902 2356 3490 2424">
     <span class='ocr_line' id='line_1_68' title="bbox 1902 2356 3490 2424; baseline -0.001 -2"><span class='ocrx_word' id='word_1_508' title='bbox 1902 2367 2077 2422; x_wconf 87' lang='lat' dir='ltr'><strong>sancti</strong></span> <span class='ocrx_word' id='word_1_509' title='bbox 2122 2366 2269 2422; x_wconf 88' lang='lat' dir='ltr'><strong>Petri</strong></span> <span class='ocrx_word' id='word_1_510' title='bbox 2324 2356 2533 2424; x_wconf 40' lang='lat' dir='ltr'><strong>contra.</strong></span> <span class='ocrx_word' id='word_1_511' title='bbox 2568 2367 2898 2423; x_wconf 89' lang='lat' dir='ltr'><strong>tirannidem</strong></span> <span class='ocrx_word' id='word_1_512' title='bbox 2946 2365 3188 2423; x_wconf 82' lang='lat' dir='ltr'><strong>Heinrici</strong></span> <span class='ocrx_word' id='word_1_513' title='bbox 3229 2367 3408 2422; x_wconf 91' lang='lat' dir='ltr'><strong>adhuc</strong></span> <span class='ocrx_word' id='word_1_514' title='bbox 3434 2367 3490 2420; x_wconf 91' lang='lat' dir='ltr'><strong>in</strong></span> 
     </span>
    </p>
   </div>
   <div class='ocr_carea' id='block_1_69' title="bbox 1901 2454 3489 2529">
    <p class='ocr_par' dir='ltr' id='par_1_69' title="bbox 1901 2454 3489 2529">
     <span class='ocr_line' id='line_1_69' title="bbox 1901 2454 3489 2529; baseline 0 -15"><span class='ocrx_word' id='word_1_515' title='bbox 1901 2475 2065 2515; x_wconf 90' lang='lat' dir='ltr'><strong>carne</strong></span> <span class='ocrx_word' id='word_1_516' title='bbox 2092 2460 2279 2516; x_wconf 88' lang='lat' dir='ltr'><strong>vivens</strong></span> <span class='ocrx_word' id='word_1_517' title='bbox 2304 2460 2538 2515; x_wconf 90' lang='lat' dir='ltr'><strong>multum</strong></span> <span class='ocrx_word' id='word_1_518' title='bbox 2569 2459 2815 2515; x_wconf 90' lang='lat' dir='ltr'><strong>incitavit</strong></span> <span class='ocrx_word' id='word_1_519' title='bbox 2841 2500 2857 2525; x_wconf 93' lang='lat'><strong>,</strong></span> <span class='ocrx_word' id='word_1_520' title='bbox 2907 2466 2992 2515; x_wconf 89' lang='lat' dir='ltr'><strong>set</strong></span> <span class='ocrx_word' id='word_1_521' title='bbox 3019 2454 3193 2514; x_wconf 91' lang='lat' dir='ltr'><strong>multo</strong></span> <span class='ocrx_word' id='word_1_522' title='bbox 3219 2459 3342 2529; x_wconf 92' lang='lat' dir='ltr'><strong>plus</strong></span> <span class='ocrx_word' id='word_1_523' title='bbox 3367 2467 3489 2528; x_wconf 88' lang='lat' dir='ltr'><strong>post</strong></span> 
     </span>
    </p>
   </div>
   <div class='ocr_carea' id='block_1_70' title="bbox 1901 2550 3487 2606">
    <p class='ocr_par' dir='ltr' id='par_1_70' title="bbox 1901 2550 3487 2606">
     <span class='ocr_line' id='line_1_70' title="bbox 1901 2550 3487 2606; baseline -0.001 -2"><span class='ocrx_word' id='word_1_524' title='bbox 1901 2550 2111 2604; x_wconf 89' lang='lat' dir='ltr'><strong>obitum</strong></span> <span class='ocrx_word' id='word_1_525' title='bbox 2156 2566 2316 2606; x_wconf 91' lang='lat' dir='ltr'><strong>suum</strong></span> <span class='ocrx_word' id='word_1_526' title='bbox 2368 2551 2649 2606; x_wconf 89' lang='lat' dir='ltr'><strong>miraculis</strong></span> <span class='ocrx_word' id='word_1_527' title='bbox 2696 2565 2996 2606; x_wconf 90' lang='lat' dir='ltr'><strong>coruscans</strong></span> <span class='ocrx_word' id='word_1_528' title='bbox 3037 2551 3260 2604; x_wconf 89' lang='lat' dir='ltr'><strong>eosdem</strong></span> <span class='ocrx_word' id='word_1_529' title='bbox 3295 2558 3487 2605; x_wconf 87' lang='lat' dir='ltr'><strong>contra</strong></span> 
     </span>
    </p>
   </div>
   <div class='ocr_carea' id='block_1_71' title="bbox 1897 2636 3487 2709">
    <p class='ocr_par' dir='ltr' id='par_1_71' title="bbox 1897 2636 3487 2709">
     <span class='ocr_line' id='line_1_71' title="bbox 1897 2636 3487 2709; baseline -0.001 -15"><span class='ocrx_word' id='word_1_530' title='bbox 1897 2641 2130 2694; x_wconf 91' lang='lat' dir='ltr'><strong>eundem</strong></span> <span class='ocrx_word' id='word_1_531' title='bbox 2153 2641 2443 2709; x_wconf 87' lang='lat' dir='ltr'><strong>persistere</strong></span> <span class='ocrx_word' id='word_1_532' title='bbox 2470 2640 2817 2696; x_wconf 90' lang='lat' dir='ltr'><strong>confortavit.</strong></span> <span class='ocrx_word' id='word_1_533' title='bbox 2852 2638 3006 2695; x_wconf 89' lang='lat' dir='ltr'><strong>Unde</strong></span> <span class='ocrx_word' id='word_1_534' title='bbox 3026 2648 3080 2693; x_wconf 90' lang='lat' dir='ltr'><strong>et</strong></span> <span class='ocrx_word' id='word_1_535' title='bbox 3101 2654 3227 2709; x_wconf 90' lang='lat' dir='ltr'><strong>pars</strong></span> <span class='ocrx_word' id='word_1_536' title='bbox 3248 2636 3487 2696; x_wconf 83' lang='lat' dir='ltr'><strong>Heinrici</strong></span> 
     </span>
    </p>
   </div>
   <div class='ocr_carea' id='block_1_72' title="bbox 1898 2729 3486 2801">
    <p class='ocr_par' dir='ltr' id='par_1_72' title="bbox 1898 2729 3486 2801">
     <span class='ocr_line' id='line_1_72' title="bbox 1898 2729 3486 2801; baseline -0.001 -16"><span class='ocrx_word' id='word_1_537' title='bbox 1898 2729 1965 2785; x_wconf 89' lang='lat' dir='ltr'><strong>de</strong></span> <span class='ocrx_word' id='word_1_538' title='bbox 1992 2731 2079 2786; x_wconf 92' lang='lat' dir='ltr'><strong>die</strong></span> <span class='ocrx_word' id='word_1_539' title='bbox 2109 2731 2164 2785; x_wconf 92' lang='lat' dir='ltr'><strong>in</strong></span> <span class='ocrx_word' id='word_1_540' title='bbox 2190 2731 2334 2785; x_wconf 91' lang='lat' dir='ltr'><strong>diem</strong></span> <span class='ocrx_word' id='word_1_541' title='bbox 2362 2731 2505 2801; x_wconf 91' lang='lat' dir='ltr'><strong>cepit</strong></span> <span class='ocrx_word' id='word_1_542' title='bbox 2529 2730 2761 2787; x_wconf 84' lang='lat' dir='ltr'><strong>deﬁcere</strong></span> <span class='ocrx_word' id='word_1_543' title='bbox 2786 2773 2800 2797; x_wconf 92' lang='lat'><strong>,</strong></span> <span class='ocrx_word' id='word_1_544' title='bbox 2831 2730 3086 2787; x_wconf 90' lang='lat' dir='ltr'><strong>catholici</strong></span> <span class='ocrx_word' id='word_1_545' title='bbox 3115 2738 3299 2785; x_wconf 86' lang='lat' dir='ltr'><strong>autem</strong></span> <span class='ocrx_word' id='word_1_546' title='bbox 3326 2730 3383 2784; x_wconf 91' lang='lat' dir='ltr'><strong>in</strong></span> <span class='ocrx_word' id='word_1_547' title='bbox 3419 2729 3486 2783; x_wconf 82' lang='lat' dir='ltr'><strong>fi-</strong></span> 
     </span>
    </p>
   </div>
   <div class='ocr_carea' id='block_1_73' title="bbox 1897 2810 3480 2891">
    <p class='ocr_par' dir='ltr' id='par_1_73' title="bbox 1897 2810 3480 2891">
     <span class='ocr_line' id='line_1_73' title="bbox 1897 2810 3480 2891; baseline -0.001 -16"><span class='ocrx_word' id='word_1_548' title='bbox 1897 2819 2115 2877; x_wconf 89' lang='lat' dir='ltr'><strong>delitate</strong></span> <span class='ocrx_word' id='word_1_549' title='bbox 2180 2821 2353 2876; x_wconf 87' lang='lat' dir='ltr'><strong>sancti</strong></span> <span class='ocrx_word' id='word_1_550' title='bbox 2421 2820 2568 2877; x_wconf 90' lang='lat' dir='ltr'><strong>Petri</strong></span> <span class='ocrx_word' id='word_1_551' title='bbox 2616 2836 2728 2876; x_wconf 91' lang='lat' dir='ltr'><strong>non</strong></span> <span class='ocrx_word' id='word_1_552' title='bbox 2784 2830 3138 2878; x_wconf 87' lang='lat' dir='ltr'><strong>cessaverunt</strong></span> <span class='ocrx_word' id='word_1_553' title='bbox 3192 2810 3480 2891; x_wconf 85' lang='lat' dir='ltr'><strong>proficere.</strong></span> 
     </span>
    </p>
   </div>
   <div class='ocr_carea' id='block_1_74' title="bbox 1898 2908 3485 2985">
    <p class='ocr_par' dir='ltr' id='par_1_74' title="bbox 1898 2908 3485 2985">
     <span class='ocr_line' id='line_1_74' title="bbox 1898 2908 3485 2985; baseline 0.001 -20"><span class='ocrx_word' id='word_1_554' title='bbox 1898 2908 2183 2968; x_wconf 83' lang='lat' dir='ltr'><strong>Ileinricus</strong></span> <span class='ocrx_word' id='word_1_555' title='bbox 2209 2921 2391 2969; x_wconf 90' lang='lat' dir='ltr'><strong>tamen</strong></span> <span class='ocrx_word' id='word_1_556' title='bbox 2412 2912 2483 2946; x_wconf 71' lang='grc'><strong>⁸⁸⁸</strong></span> <span class='ocrx_word' id='word_1_557' title='bbox 2508 2929 2677 2985; x_wconf 88' lang='lat' dir='ltr'><strong>prope</strong></span> <span class='ocrx_word' id='word_1_558' title='bbox 2704 2912 3046 2969; x_wconf 88' lang='lat' dir='ltr'><strong>nativitatem</strong></span> <span class='ocrx_word' id='word_1_559' title='bbox 3071 2911 3286 2967; x_wconf 90' lang='lat' dir='ltr'><strong>Domini</strong></span> <span class='ocrx_word' id='word_1_560' title='bbox 3310 2911 3485 2983; x_wconf 87' lang='lat' dir='ltr'><strong>quod-</strong></span> 
     </span>
    </p>
   </div>
   <div class='ocr_carea' id='block_1_75' title="bbox 1896 3004 3486 3077">
    <p class='ocr_par' dir='ltr' id='par_1_75' title="bbox 1896 3004 3486 3077">
     <span class='ocr_line' id='line_1_75' title="bbox 1896 3004 3486 3077; baseline -0.001 -17"><span class='ocrx_word' id='word_1_561' title='bbox 1896 3004 2021 3060; x_wconf 88' lang='lat' dir='ltr'><strong>dam</strong></span> <span class='ocrx_word' id='word_1_562' title='bbox 2063 3006 2346 3061; x_wconf 88' lang='lat' dir='ltr'><strong>castellum</strong></span> <span class='ocrx_word' id='word_1_563' title='bbox 2394 3005 2451 3061; x_wconf 90' lang='lat' dir='ltr'><strong>in</strong></span> <span class='ocrx_word' id='word_1_564' title='bbox 2498 3005 2802 3076; x_wconf 81' lang='lat' dir='ltr'><strong>Bajowaria</strong></span> <span class='ocrx_word' id='word_1_565' title='bbox 2833 3005 3045 3062; x_wconf 75' lang='lat' dir='ltr'><strong>obsedit</strong></span> <span class='ocrx_word' id='word_1_566' title='bbox 3073 3004 3221 3077; x_wconf 80' lang='lat' dir='ltr'><strong>(Dec)</strong></span> <span class='ocrx_word' id='word_1_567' title='bbox 3250 3046 3265 3072; x_wconf 88' lang='lat'><strong>,</strong></span> <span class='ocrx_word' id='word_1_568' title='bbox 3298 3011 3392 3071; x_wconf 90' lang='lat' dir='ltr'><strong>et,</strong></span> <span class='ocrx_word' id='word_1_569' title='bbox 3424 3012 3486 3058; x_wconf 90' lang='lat' dir='ltr'><strong>ut</strong></span> 
     </span>
    </p>
   </div>
   <div class='ocr_carea' id='block_1_76' title="bbox 1897 3095 3485 3164">
    <p class='ocr_par' dir='ltr' id='par_1_76' title="bbox 1897 3095 3485 3164">
     <span class='ocr_line' id='line_1_76' title="bbox 1897 3095 3485 3164; baseline 0.001 -14"><span class='ocrx_word' id='word_1_570' title='bbox 1897 3096 2089 3164; x_wconf 90' lang='lat' dir='ltr'><strong>aiunt,</strong></span> <span class='ocrx_word' id='word_1_571' title='bbox 2120 3096 2177 3151; x_wconf 91' lang='lat' dir='ltr'><strong>in</strong></span> <span class='ocrx_word' id='word_1_572' title='bbox 2214 3097 2402 3152; x_wconf 87' lang='lat' dir='ltr'><strong>eadem</strong></span> <span class='ocrx_word' id='word_1_573' title='bbox 2454 3097 2736 3153; x_wconf 88' lang='lat' dir='ltr'><strong>obsidione</strong></span> <span class='ocrx_word' id='word_1_574' title='bbox 2788 3097 3024 3152; x_wconf 87' lang='lat' dir='ltr'><strong>natalem</strong></span> <span class='ocrx_word' id='word_1_575' title='bbox 3059 3095 3276 3151; x_wconf 90' lang='lat' dir='ltr'><strong>Domini</strong></span> <span class='ocrx_word' id='word_1_576' title='bbox 3308 3096 3485 3154; x_wconf 85' lang='lat' dir='ltr'><strong>voluit</strong></span> 
     </span>
    </p>
   </div>
   <div class='ocr_carea' id='block_1_77' title="bbox 1896 3187 3480 3263">
    <p class='ocr_par' dir='ltr' id='par_1_77' title="bbox 1896 3187 3480 3263">
     <span class='ocr_line' id='line_1_77' title="bbox 1896 3187 3480 3263; baseline 0 -20"><span class='ocrx_word' id='word_1_577' title='bbox 1896 3189 2187 3244; x_wconf 88' lang='lat' dir='ltr'><strong>celebrare.</strong></span> <span class='ocrx_word' id='word_1_578' title='bbox 2213 3187 2334 3255; x_wconf 84' lang='lat' dir='ltr'><strong>Quo</strong></span> <span class='ocrx_word' id='word_1_579' title='bbox 2354 3189 2561 3255; x_wconf 90' lang='lat' dir='ltr'><strong>audito,</strong></span> <span class='ocrx_word' id='word_1_580' title='bbox 2586 3187 2736 3263; x_wconf 80' lang='lat' dir='ltr'><strong>Welf</strong></span> <span class='ocrx_word' id='word_1_581' title='bbox 2758 3196 2812 3243; x_wconf 89' lang='lat' dir='ltr'><strong>et</strong></span> <span class='ocrx_word' id='word_1_582' title='bbox 2832 3187 3154 3244; x_wconf 88' lang='lat' dir='ltr'><strong>Berthaldus</strong></span> <span class='ocrx_word' id='word_1_583' title='bbox 3176 3189 3342 3245; x_wconf 88' lang='lat' dir='ltr'><strong>duces</strong></span> <span class='ocrx_word' id='word_1_584' title='bbox 3366 3203 3480 3244; x_wconf 89' lang='lat' dir='ltr'><strong>non</strong></span> 
     </span>
    </p>
   </div>
   <div class='ocr_carea' id='block_1_78' title="bbox 1894 3278 3475 3353">
    <p class='ocr_par' dir='ltr' id='par_1_78' title="bbox 1894 3278 3475 3353">
     <span class='ocr_line' id='line_1_78' title="bbox 1894 3278 3475 3353; baseline 0.001 -19"><span class='ocrx_word' id='word_1_585' title='bbox 1894 3295 2019 3335; x_wconf 91' lang='lat' dir='ltr'><strong>cum</strong></span> <span class='ocrx_word' id='word_1_586' title='bbox 2046 3297 2243 3352; x_wconf 88' lang='lat' dir='ltr'><strong>magna</strong></span> <span class='ocrx_word' id='word_1_587' title='bbox 2273 3280 2619 3337; x_wconf 91' lang='lat' dir='ltr'><strong>multitudine</strong></span> <span class='ocrx_word' id='word_1_588' title='bbox 2646 3278 2951 3337; x_wconf 85' lang='lat' dir='ltr'><strong>Suevorum</strong></span> <span class='ocrx_word' id='word_1_589' title='bbox 2996 3289 3050 3337; x_wconf 94' lang='lat' dir='ltr'><strong>et</strong></span> <span class='ocrx_word' id='word_1_590' title='bbox 3096 3280 3475 3353; x_wconf 86' lang='lat' dir='ltr'><strong>Bajoariorum</strong></span> 
     </span>
    </p>
   </div>
   <div class='ocr_carea' id='block_1_79' title="bbox 1892 3371 3477 3445">
    <p class='ocr_par' dir='ltr' id='par_1_79' title="bbox 1892 3371 3477 3445">
     <span class='ocr_line' id='line_1_79' title="bbox 1892 3371 3477 3445; baseline 0.001 -17"><span class='ocrx_word' id='word_1_591' title='bbox 1892 3371 2182 3444; x_wconf 88' lang='lat' dir='ltr'><strong>derepente</strong></span> <span class='ocrx_word' id='word_1_592' title='bbox 2217 3374 2680 3445; x_wconf 84' lang='lat' dir='ltr'><strong>supervenientes,</strong></span> <span class='ocrx_word' id='word_1_593' title='bbox 2710 3373 2777 3431; x_wconf 93' lang='lat' dir='ltr'><strong>de</strong></span> <span class='ocrx_word' id='word_1_594' title='bbox 2807 3374 3092 3430; x_wconf 91' lang='lat' dir='ltr'><strong>obsidione</strong></span> <span class='ocrx_word' id='word_1_595' title='bbox 3127 3389 3254 3436; x_wconf 88' lang='lat' dir='ltr'><strong>eum</strong></span> <span class='ocrx_word' id='word_1_596' title='bbox 3296 3374 3477 3429; x_wconf 90' lang='lat' dir='ltr'><strong>disce-</strong></span> 
     </span>
    </p>
   </div>
   <div class='ocr_carea' id='block_1_80' title="bbox 1891 3463 3479 3536">
    <p class='ocr_par' dir='ltr' id='par_1_80' title="bbox 1891 3463 3479 3536">
     <span class='ocr_line' id='line_1_80' title="bbox 1891 3463 3479 3536; baseline -0.001 -17"><span class='ocrx_word' id='word_1_597' title='bbox 1891 3463 2017 3519; x_wconf 89' lang='lat' dir='ltr'><strong>dere</strong></span> <span class='ocrx_word' id='word_1_598' title='bbox 2046 3479 2156 3520; x_wconf 92' lang='lat' dir='ltr'><strong>non</strong></span> <span class='ocrx_word' id='word_1_599' title='bbox 2184 3466 2569 3535; x_wconf 88' lang='lat' dir='ltr'><strong>permiserunt,</strong></span> <span class='ocrx_word' id='word_1_600' title='bbox 2600 3465 2709 3520; x_wconf 89' lang='lat' dir='ltr'><strong>nisi</strong></span> <span class='ocrx_word' id='word_1_601' title='bbox 2739 3464 2895 3536; x_wconf 92' lang='lat' dir='ltr'><strong>prius</strong></span> <span class='ocrx_word' id='word_1_602' title='bbox 2920 3465 2990 3499; x_wconf 69' lang='lat' dir='ltr'><strong>m</strong></span> <span class='ocrx_word' id='word_1_603' title='bbox 3019 3473 3241 3536; x_wconf 90' lang='lat' dir='ltr'><strong>accepta</strong></span> <span class='ocrx_word' id='word_1_604' title='bbox 3270 3464 3479 3520; x_wconf 89' lang='lat' dir='ltr'><strong>securi-</strong></span> 
     </span>
    </p>
   </div>
   <div class='ocr_carea' id='block_1_81' title="bbox 1890 3556 3478 3628">
    <p class='ocr_par' dir='ltr' id='par_1_81' title="bbox 1890 3556 3478 3628">
     <span class='ocr_line' id='line_1_81' title="bbox 1890 3556 3478 3628; baseline 0 -18"><span class='ocrx_word' id='word_1_605' title='bbox 1890 3563 2000 3611; x_wconf 88' lang='lat' dir='ltr'><strong>tate</strong></span> <span class='ocrx_word' id='word_1_606' title='bbox 2025 3557 2094 3611; x_wconf 90' lang='lat' dir='ltr'><strong>ab</strong></span> <span class='ocrx_word' id='word_1_607' title='bbox 2117 3556 2238 3628; x_wconf 88' lang='lat' dir='ltr'><strong>ejus</strong></span> <span class='ocrx_word' id='word_1_608' title='bbox 2264 3557 2623 3628; x_wconf 89' lang='lat' dir='ltr'><strong>principibus,</strong></span> <span class='ocrx_word' id='word_1_609' title='bbox 2656 3566 2715 3613; x_wconf 88' lang='lat' dir='ltr'><strong>ut</strong></span> <span class='ocrx_word' id='word_1_610' title='bbox 2745 3557 3075 3628; x_wconf 90' lang='lat' dir='ltr'><strong>colloquium</strong></span> <span class='ocrx_word' id='word_1_611' title='bbox 3108 3556 3224 3612; x_wconf 82' lang='lat' dir='ltr'><strong>fieri</strong></span> <span class='ocrx_word' id='word_1_612' title='bbox 3254 3556 3478 3627; x_wconf 84' lang='lat' dir='ltr'><strong>permit-</strong></span> 
     </span>
    </p>
   </div>
   <div class='ocr_carea' id='block_1_82' title="bbox 1889 3648 3478 3722">
    <p class='ocr_par' dir='ltr' id='par_1_82' title="bbox 1889 3648 3478 3722">
     <span class='ocr_line' id='line_1_82' title="bbox 1889 3648 3478 3722; baseline 0.001 -20"><span class='ocrx_word' id='word_1_613' title='bbox 1889 3654 2047 3715; x_wconf 88' lang='lat' dir='ltr'><strong>teret,</strong></span> <span class='ocrx_word' id='word_1_614' title='bbox 2100 3648 2154 3702; x_wconf 91' lang='lat' dir='ltr'><strong>in</strong></span> <span class='ocrx_word' id='word_1_615' title='bbox 2183 3665 2293 3719; x_wconf 92' lang='lat' dir='ltr'><strong>quo</strong></span> <span class='ocrx_word' id='word_1_616' title='bbox 2324 3648 2534 3703; x_wconf 89' lang='lat' dir='ltr'><strong>diutina</strong></span> <span class='ocrx_word' id='word_1_617' title='bbox 2578 3650 2733 3722; x_wconf 81' lang='lat' dir='ltr'><strong>regni</strong></span> <span class='ocrx_word' id='word_1_618' title='bbox 2760 3649 3033 3705; x_wconf 89' lang='lat' dir='ltr'><strong>discordia</strong></span> <span class='ocrx_word' id='word_1_619' title='bbox 3059 3663 3283 3720; x_wconf 89' lang='lat' dir='ltr'><strong>quoquo</strong></span> <span class='ocrx_word' id='word_1_620' title='bbox 3314 3649 3478 3704; x_wconf 90' lang='lat' dir='ltr'><strong>modo</strong></span> 
     </span>
    </p>
   </div>
   <div class='ocr_carea' id='block_1_83' title="bbox 1889 3738 3476 3811">
    <p class='ocr_par' dir='ltr' id='par_1_83' title="bbox 1889 3738 3476 3811">
     <span class='ocr_line' id='line_1_83' title="bbox 1889 3738 3476 3811; baseline 0.002 -18"><span class='ocrx_word' id='word_1_621' title='bbox 1889 3738 2109 3794; x_wconf 89' lang='lat' dir='ltr'><strong>tandem</strong></span> <span class='ocrx_word' id='word_1_622' title='bbox 2165 3740 2423 3794; x_wconf 91' lang='lat' dir='ltr'><strong>idoneum</strong></span> <span class='ocrx_word' id='word_1_623' title='bbox 2470 3740 2635 3795; x_wconf 82' lang='lat' dir='ltr'><strong>finem</strong></span> <span class='ocrx_word' id='word_1_624' title='bbox 2688 3742 2935 3811; x_wconf 87' lang='lat' dir='ltr'><strong>accipere</strong></span> <span class='ocrx_word' id='word_1_625' title='bbox 2980 3750 3188 3811; x_wconf 91' lang='lat' dir='ltr'><strong>posset.</strong></span> <span class='ocrx_word' id='word_1_626' title='bbox 3240 3740 3476 3810; x_wconf 83' lang='lat' dir='ltr'><strong>Accepta</strong></span> 
     </span>
    </p>
   </div>
   <div class='ocr_carea' id='block_1_84' title="bbox 1888 3827 3471 3901">
    <p class='ocr_par' dir='ltr' id='par_1_84' title="bbox 1888 3827 3471 3901">
     <span class='ocr_line' id='line_1_84' title="bbox 1888 3827 3471 3901; baseline 0.003 -21"><span class='ocrx_word' id='word_1_627' title='bbox 1888 3827 2055 3897; x_wconf 87' lang='lat' dir='ltr'><strong>igitur</strong></span> <span class='ocrx_word' id='word_1_628' title='bbox 2100 3829 2422 3897; x_wconf 88' lang='lat' dir='ltr'><strong>securitate,</strong></span> <span class='ocrx_word' id='word_1_629' title='bbox 2474 3831 2655 3886; x_wconf 90' lang='lat' dir='ltr'><strong>locum</strong></span> <span class='ocrx_word' id='word_1_630' title='bbox 2705 3831 2757 3895; x_wconf 83' lang='lat' dir='ltr'><strong>ei</strong></span> <span class='ocrx_word' id='word_1_631' title='bbox 2801 3847 2929 3888; x_wconf 92' lang='lat' dir='ltr'><strong>cum</strong></span> <span class='ocrx_word' id='word_1_632' title='bbox 2974 3846 3109 3901; x_wconf 90' lang='lat' dir='ltr'><strong>pace</strong></span> <span class='ocrx_word' id='word_1_633' title='bbox 3155 3831 3471 3886; x_wconf 88' lang='lat' dir='ltr'><strong>discedendi</strong></span> 
     </span>
    </p>
   </div>
   <div class='ocr_carea' id='block_1_85' title="bbox 1887 3921 3472 3992">
    <p class='ocr_par' dir='ltr' id='par_1_85' title="bbox 1887 3921 3472 3992">
     <span class='ocr_line' id='line_1_85' title="bbox 1887 3921 3472 3992; baseline 0.003 -20"><span class='ocrx_word' id='word_1_634' title='bbox 1887 3927 2315 3986; x_wconf 87' lang='lat' dir='ltr'><strong>concesserunt;</strong></span> <span class='ocrx_word' id='word_1_635' title='bbox 2342 3921 2530 3990; x_wconf 88' lang='lat' dir='ltr'><strong>sicque</strong></span> <span class='ocrx_word' id='word_1_636' title='bbox 2554 3921 2668 3990; x_wconf 91' lang='lat' dir='ltr'><strong>ipse</strong></span> <span class='ocrx_word' id='word_1_637' title='bbox 2696 3921 2752 3974; x_wconf 91' lang='lat' dir='ltr'><strong>in</strong></span> <span class='ocrx_word' id='word_1_638' title='bbox 2780 3922 2899 3991; x_wconf 90' lang='lat' dir='ltr'><strong>ipsa</strong></span> <span class='ocrx_word' id='word_1_639' title='bbox 2926 3922 3108 3992; x_wconf 86' lang='lat' dir='ltr'><strong>vigilia</strong></span> <span class='ocrx_word' id='word_1_640' title='bbox 3141 3921 3338 3976; x_wconf 86' lang='lat' dir='ltr'><strong>natalis</strong></span> <span class='ocrx_word' id='word_1_641' title='bbox 3364 3921 3472 3976; x_wconf 88' lang='lat' dir='ltr'><strong>Do—</strong></span> 
     </span>
    </p>
   </div>
   <div class='ocr_carea' id='block_1_86' title="bbox 1884 4009 3472 4080">
    <p class='ocr_par' dir='ltr' id='par_1_86' title="bbox 1884 4009 3472 4080">
     <span class='ocr_line' id='line_1_86' title="bbox 1884 4009 3472 4080; baseline 0.003 -17"><span class='ocrx_word' id='word_1_642' title='bbox 1884 4009 2019 4063; x_wconf 90' lang='lat' dir='ltr'><strong>mini</strong></span> <span class='ocrx_word' id='word_1_643' title='bbox 2048 4010 2364 4080; x_wconf 90' lang='lat' dir='ltr'><strong>compulsus</strong></span> <span class='ocrx_word' id='word_1_644' title='bbox 2392 4019 2503 4077; x_wconf 89' lang='lat' dir='ltr'><strong>est,</strong></span> <span class='ocrx_word' id='word_1_645' title='bbox 2537 4019 2598 4066; x_wconf 92' lang='lat' dir='ltr'><strong>ut</strong></span> <span class='ocrx_word' id='word_1_646' title='bbox 2632 4010 2833 4067; x_wconf 90' lang='lat' dir='ltr'><strong>festum</strong></span> <span class='ocrx_word' id='word_1_647' title='bbox 2861 4028 3024 4068; x_wconf 92' lang='lat' dir='ltr'><strong>suum</strong></span> <span class='ocrx_word' id='word_1_648' title='bbox 3052 4012 3181 4067; x_wconf 91' lang='lat' dir='ltr'><strong>alibi</strong></span> <span class='ocrx_word' id='word_1_649' title='bbox 3226 4013 3472 4068; x_wconf 87' lang='lat' dir='ltr'><strong>celebra-</strong></span> 
     </span>
    </p>
   </div>
   <div class='ocr_carea' id='block_1_87' title="bbox 1884 4100 3489 4174">
    <p class='ocr_par' dir='ltr' id='par_1_87' title="bbox 1884 4100 3489 4174">
     <span class='ocr_line' id='line_1_87' title="bbox 1884 4100 3489 4174; baseline 0.002 -20"><span class='ocrx_word' id='word_1_650' title='bbox 1884 4108 1984 4155; x_wconf 89' lang='lat' dir='ltr'><strong>ret.</strong></span> <span class='ocrx_word' id='word_1_651' title='bbox 2061 4100 2237 4157; x_wconf 89' lang='lat' dir='ltr'><strong>Duces</strong></span> <span class='ocrx_word' id='word_1_652' title='bbox 2300 4110 2481 4157; x_wconf 90' lang='lat' dir='ltr'><strong>autem</strong></span> <span class='ocrx_word' id='word_1_653' title='bbox 2544 4103 2610 4159; x_wconf 90' lang='lat' dir='ltr'><strong>ad</strong></span> <span class='ocrx_word' id='word_1_654' title='bbox 2667 4119 2767 4159; x_wconf 91' lang='lat' dir='ltr'><strong>sua</strong></span> <span class='ocrx_word' id='word_1_655' title='bbox 2819 4119 2946 4159; x_wconf 92' lang='lat' dir='ltr'><strong>cum</strong></span> <span class='ocrx_word' id='word_1_656' title='bbox 2998 4119 3133 4174; x_wconf 87' lang='lat' dir='ltr'><strong>pace</strong></span> <span class='ocrx_word' id='word_1_657' title='bbox 3182 4111 3239 4159; x_wconf 88' lang='lat' dir='ltr'><strong>et</strong></span> <span class='ocrx_word' id='word_1_658' title='bbox 3291 4102 3489 4159; x_wconf 68' lang='lat' dir='ltr'><strong>leticia&#39;</strong></span> 
     </span>
    </p>
   </div>
   <div class='ocr_carea' id='block_1_88' title="bbox 1884 4192 3470 4269">
    <p class='ocr_par' dir='ltr' id='par_1_88' title="bbox 1884 4192 3470 4269">
     <span class='ocr_line' id='line_1_88' title="bbox 1884 4192 3470 4269; baseline 0.001 -22"><span class='ocrx_word' id='word_1_659' title='bbox 1884 4192 2092 4248; x_wconf 82' lang='lat' dir='ltr'><strong>rediere</strong></span> <span class='ocrx_word' id='word_1_660' title='bbox 2121 4234 2137 4261; x_wconf 93' lang='lat'><strong>,</strong></span> <span class='ocrx_word' id='word_1_661' title='bbox 2206 4194 2501 4264; x_wconf 89' lang='lat' dir='ltr'><strong>statimque</strong></span> <span class='ocrx_word' id='word_1_662' title='bbox 2547 4210 2674 4251; x_wconf 91' lang='lat' dir='ltr'><strong>cum</strong></span> <span class='ocrx_word' id='word_1_663' title='bbox 2725 4195 2953 4268; x_wconf 90' lang='lat' dir='ltr'><strong>reliquis</strong></span> <span class='ocrx_word' id='word_1_664' title='bbox 3003 4196 3157 4269; x_wconf 87' lang='lat' dir='ltr'><strong>regni</strong></span> <span class='ocrx_word' id='word_1_665' title='bbox 3205 4197 3470 4268; x_wconf 74' lang='lat' dir='ltr'><strong>principi~</strong></span> 
     </span>
    </p>
   </div>
   <div class='ocr_carea' id='block_1_89' title="bbox 1882 4284 3469 4359">
    <p class='ocr_par' dir='ltr' id='par_1_89' title="bbox 1882 4284 3469 4359">
     <span class='ocr_line' id='line_1_89' title="bbox 1882 4284 3469 4359; baseline 0.001 -19"><span class='ocrx_word' id='word_1_666' title='bbox 1882 4284 1985 4340; x_wconf 88' lang='lat' dir='ltr'><strong>bus</strong></span> <span class='ocrx_word' id='word_1_667' title='bbox 2006 4285 2449 4355; x_wconf 56' lang='lat' dir='ltr'><strong>praedestinatum</strong></span> <span class='ocrx_word' id='word_1_668' title='bbox 2465 4287 2798 4359; x_wconf 89' lang='lat' dir='ltr'><strong>colloquium</strong></span> <span class='ocrx_word' id='word_1_669' title='bbox 2821 4289 2891 4344; x_wconf 91' lang='lat' dir='ltr'><strong>ad</strong></span> <span class='ocrx_word' id='word_1_670' title='bbox 2912 4286 3201 4359; x_wconf 87' lang='lat' dir='ltr'><strong>Opinheim</strong></span> <span class='ocrx_word' id='word_1_671' title='bbox 3230 4288 3282 4342; x_wconf 90' lang='lat' dir='ltr'><strong>in</strong></span> <span class='ocrx_word' id='word_1_672' title='bbox 3310 4289 3469 4343; x_wconf 87' lang='lat' dir='ltr'><strong>tertia</strong></span> 
     </span>
    </p>
   </div>
   <div class='ocr_carea' id='block_1_90' title="bbox 198 4375 1801 4464">
    <p class='ocr_par' dir='ltr' id='par_1_90' title="bbox 198 4380 1781 4463">
     <span class='ocr_line' id='line_1_90' title="bbox 198 4380 1781 4463; baseline 0.009 -29"><span class='ocrx_word' id='word_1_673' title='bbox 198 4380 335 4448; x_wconf 88' lang='lat' dir='ltr'><strong>ginti</strong></span> <span class='ocrx_word' id='word_1_674' title='bbox 382 4387 535 4444; x_wconf 87' lang='lat' dir='ltr'><strong>milia</strong></span> <span class='ocrx_word' id='word_1_675' title='bbox 563 4391 865 4448; x_wconf 79' lang='lat' dir='ltr'><strong>excessisse</strong></span> <span class='ocrx_word' id='word_1_676' title='bbox 888 4390 1212 4447; x_wconf 85' lang='lat' dir='ltr'><strong>referantur.</strong></span> <span class='ocrx_word' id='word_1_677' title='bbox 1261 4389 1447 4462; x_wconf 87' lang='lat' dir='ltr'><strong>Itaque</strong></span> <span class='ocrx_word' id='word_1_678' title='bbox 1476 4392 1651 4447; x_wconf 90' lang='lat' dir='ltr'><strong>nostri</strong></span> <span class='ocrx_word' id='word_1_679' title='bbox 1686 4408 1781 4463; x_wconf 92' lang='lat' dir='ltr'><strong>per</strong></span> 
     </span>
    </p>
   </div>
   <div class='ocr_carea' id='block_1_91' title="bbox 1901 4375 3465 4464">
    <p class='ocr_par' dir='ltr' id='par_1_91' title="bbox 1901 4375 3465 4450">
     <span class='ocr_line' id='line_1_91' title="bbox 1901 4375 3465 4450; baseline 0.002 -19"><span class='ocrx_word' id='word_1_680' title='bbox 1901 4375 2194 4432; x_wconf 77' lang='lat' dir='ltr'><strong>:bdomada</strong></span> <span class='ocrx_word' id='word_1_681' title='bbox 2247 4377 2681 4450; x_wconf 79' lang='lat' dir='ltr'><strong>quadragesima:</strong></span> <span class='ocrx_word' id='word_1_682' title='bbox 2738 4380 3106 4436; x_wconf 88' lang='lat' dir='ltr'><strong>communiter</strong></span> <span class='ocrx_word' id='word_1_683' title='bbox 3156 4379 3465 4435; x_wconf 77' lang='lat' dir='ltr'><strong>condixere.</strong></span> 
     </span>
    </p>
   </div>
   <div class='ocr_carea' id='block_1_92' title="bbox 203 4474 1779 4554">
    <p class='ocr_par' dir='ltr' id='par_1_92' title="bbox 203 4474 1779 4554">
     <span class='ocr_line' id='line_1_92' title="bbox 203 4474 1779 4554; baseline 0.009 -28"><span class='ocrx_word' id='word_1_684' title='bbox 203 4474 291 4528; x_wconf 75' lang='lat' dir='ltr'><strong>Dei</strong></span> <span class='ocrx_word' id='word_1_685' title='bbox 320 4479 755 4539; x_wconf 84' lang='lat' dir='ltr'><strong>misericordiam</strong></span> <span class='ocrx_word' id='word_1_686' title='bbox 783 4483 1018 4540; x_wconf 88' lang='lat' dir='ltr'><strong>victoria</strong></span> <span class='ocrx_word' id='word_1_687' title='bbox 1048 4483 1243 4553; x_wconf 90' lang='lat' dir='ltr'><strong>potiti,</strong></span> <span class='ocrx_word' id='word_1_688' title='bbox 1274 4483 1330 4538; x_wconf 90' lang='lat' dir='ltr'><strong>in</strong></span> <span class='ocrx_word' id='word_1_689' title='bbox 1363 4499 1557 4554; x_wconf 87' lang='lat' dir='ltr'><strong>campo</strong></span> <span class='ocrx_word' id='word_1_690' title='bbox 1604 4494 1779 4540; x_wconf 89' lang='lat' dir='ltr'><strong>certa-</strong></span> 
     </span>
    </p>
   </div>
   <div class='ocr_carea' id='block_1_93' title="bbox 197 4565 1775 4642">
    <p class='ocr_par' dir='ltr' id='par_1_93' title="bbox 197 4565 1775 4642">
     <span class='ocr_line' id='line_1_93' title="bbox 197 4565 1775 4642; baseline 0.011 -27"><span class='ocrx_word' id='word_1_691' title='bbox 197 4565 361 4625; x_wconf 81' lang='lat' dir='ltr'><strong>minis</strong></span> <span class='ocrx_word' id='word_1_692' title='bbox 390 4587 455 4627; x_wconf 88' lang='lat' dir='ltr'><strong>ca</strong></span> <span class='ocrx_word' id='word_1_693' title='bbox 483 4583 644 4630; x_wconf 85' lang='lat' dir='ltr'><strong>nocte</strong></span> <span class='ocrx_word' id='word_1_694' title='bbox 669 4583 851 4632; x_wconf 88' lang='lat' dir='ltr'><strong>castra</strong></span> <span class='ocrx_word' id='word_1_695' title='bbox 884 4576 1072 4632; x_wconf 88' lang='lat' dir='ltr'><strong>metati</strong></span> <span class='ocrx_word' id='word_1_696' title='bbox 1106 4584 1272 4642; x_wconf 87' lang='lat' dir='ltr'><strong>sunt,</strong></span> <span class='ocrx_word' id='word_1_697' title='bbox 1303 4584 1357 4631; x_wconf 90' lang='lat' dir='ltr'><strong>et</strong></span> <span class='ocrx_word' id='word_1_698' title='bbox 1389 4575 1444 4629; x_wconf 93' lang='lat' dir='ltr'><strong>in</strong></span> <span class='ocrx_word' id='word_1_699' title='bbox 1478 4577 1775 4632; x_wconf 88' lang='lat' dir='ltr'><strong>crastinum</strong></span> 
     </span>
    </p>
   </div>
   <div class='ocr_carea' id='block_1_94' title="bbox 198 4655 1775 4739">
    <p class='ocr_par' dir='ltr' id='par_1_94' title="bbox 198 4655 1775 4739">
     <span class='ocr_line' id='line_1_94' title="bbox 198 4655 1775 4739; baseline 0.01 -30"><span class='ocrx_word' id='word_1_700' title='bbox 198 4655 265 4709; x_wconf 86' lang='lat' dir='ltr'><strong>ab</strong></span> <span class='ocrx_word' id='word_1_701' title='bbox 291 4659 634 4721; x_wconf 86' lang='lat' dir='ltr'><strong>obsidionem</strong></span> <span class='ocrx_word' id='word_1_702' title='bbox 669 4668 820 4725; x_wconf 86' lang='lat' dir='ltr'><strong>urbis</strong></span> <span class='ocrx_word' id='word_1_703' title='bbox 853 4668 1095 4735; x_wconf 88' lang='lat' dir='ltr'><strong>reversi,</strong></span> <span class='ocrx_word' id='word_1_704' title='bbox 1122 4667 1328 4738; x_wconf 85' lang='lat' dir='ltr'><strong>absque</strong></span> <span class='ocrx_word' id='word_1_705' title='bbox 1361 4669 1627 4739; x_wconf 90' lang='lat' dir='ltr'><strong>sanguine</strong></span> <span class='ocrx_word' id='word_1_706' title='bbox 1653 4685 1775 4725; x_wconf 90' lang='lat' dir='ltr'><strong>eam</strong></span> 
     </span>
    </p>
   </div>
   <div class='ocr_carea' id='block_1_95' title="bbox 197 4756 1777 4832">
    <p class='ocr_par' dir='ltr' id='par_1_95' title="bbox 197 4756 1777 4832">
     <span class='ocr_line' id='line_1_95' title="bbox 197 4756 1777 4832; baseline 0.008 -27"><span class='ocrx_word' id='word_1_707' title='bbox 197 4760 470 4817; x_wconf 84' lang='lat' dir='ltr'><strong>ceperunt.</strong></span> <span class='ocrx_word' id='word_1_708' title='bbox 509 4756 713 4815; x_wconf 90' lang='lat' dir='ltr'><strong>Deinde</strong></span> <span class='ocrx_word' id='word_1_709' title='bbox 749 4760 1194 4832; x_wconf 83' lang='lat' dir='ltr'><strong>Wircehurgensi</strong></span> <span class='ocrx_word' id='word_1_710' title='bbox 1219 4760 1476 4830; x_wconf 89' lang='lat' dir='ltr'><strong>episcopo</strong></span> <span class='ocrx_word' id='word_1_711' title='bbox 1507 4778 1634 4817; x_wconf 90' lang='lat' dir='ltr'><strong>cum</strong></span> <span class='ocrx_word' id='word_1_712' title='bbox 1660 4778 1777 4817; x_wconf 90' lang='lat' dir='ltr'><strong>ma-</strong></span> 
     </span>
    </p>
   </div>
   <div class='ocr_carea' id='block_1_96' title="bbox 2497 4489 2860 4548">
    <p class='ocr_par' dir='ltr' id='par_1_96' title="bbox 2497 4489 2860 4548">
     <span class='ocr_line' id='line_1_96' title="bbox 2497 4489 2860 4548; baseline 0.006 -3"><span class='ocrx_word' id='word_1_713' title='bbox 2497 4489 2860 4548; x_wconf 75' lang='lat' dir='ltr'><strong>MLXXXVII.</strong></span> 
     </span>
    </p>
   </div>
   <div class='ocr_carea' id='block_1_97' title="bbox 1871 4577 3471 4642">
    <p class='ocr_par' dir='ltr' id='par_1_97' title="bbox 1871 4577 3471 4642">
     <span class='ocr_line' id='line_1_97' title="bbox 1871 4577 3471 4642; baseline 0.004 -8"><span class='ocrx_word' id='word_1_714' title='bbox 1871 4606 1874 4610; x_wconf 82' lang='lat'><strong><em>~</em></strong></span> <span class='ocrx_word' id='word_1_715' title='bbox 1951 4577 2330 4638; x_wconf 83' lang='lat' dir='ltr'><strong>Heremannus</strong></span> <span class='ocrx_word' id='word_1_716' title='bbox 2356 4598 2452 4639; x_wconf 79' lang='lat' dir='ltr'><strong>rex</strong></span> <span class='ocrx_word' id='word_1_717' title='bbox 2476 4583 2816 4640; x_wconf 91' lang='lat' dir='ltr'><strong>nativitatem</strong></span> <span class='ocrx_word' id='word_1_718' title='bbox 2855 4583 3075 4642; x_wconf 88' lang='lat' dir='ltr'><strong>Domini</strong></span> <span class='ocrx_word' id='word_1_719' title='bbox 3101 4580 3354 4639; x_wconf 61' lang='lat' dir='ltr'><strong>Samnite</strong></span> <span class='ocrx_word' id='word_1_720' title='bbox 3382 4600 3471 4640; x_wconf 88' lang='lat' dir='ltr'><strong>ce-</strong></span> 
     </span>
    </p>
   </div>
   <div class='ocr_carea' id='block_1_98' title="bbox 1881 4666 3474 4748">
    <p class='ocr_par' dir='ltr' id='par_1_98' title="bbox 1881 4666 3474 4748">
     <span class='ocr_line' id='line_1_98' title="bbox 1881 4666 3474 4748; baseline 0.004 -22"><span class='ocrx_word' id='word_1_721' title='bbox 1881 4671 2129 4727; x_wconf 89' lang='lat' dir='ltr'><strong>lebravit.</strong></span> <span class='ocrx_word' id='word_1_722' title='bbox 2159 4666 2486 4732; x_wconf 89' lang='lat' dir='ltr'><strong>Berthaldus</strong></span> <span class='ocrx_word' id='word_1_723' title='bbox 2514 4691 2698 4733; x_wconf 89' lang='lat' dir='ltr'><strong>comes</strong></span> <span class='ocrx_word' id='word_1_724' title='bbox 2719 4676 2930 4748; x_wconf 78' lang='lat' dir='ltr'><strong>(I556),</strong></span> <span class='ocrx_word' id='word_1_725' title='bbox 2963 4674 3142 4734; x_wconf 90' lang='lat' dir='ltr'><strong>sancti</strong></span> <span class='ocrx_word' id='word_1_726' title='bbox 3175 4673 3321 4730; x_wconf 84' lang='lat' dir='ltr'><strong>Petri</strong></span> <span class='ocrx_word' id='word_1_727' title='bbox 3343 4677 3474 4732; x_wconf 87' lang='lat' dir='ltr'><strong>iide-</strong></span> 
     </span>
    </p>
   </div>
   <div class='ocr_carea' id='block_1_99' title="bbox 1879 4763 3479 4835">
    <p class='ocr_par' dir='ltr' id='par_1_99' title="bbox 1879 4763 3479 4835">
     <span class='ocr_line' id='line_1_99' title="bbox 1879 4763 3479 4835; baseline 0.001 -14"><span class='ocrx_word' id='word_1_728' title='bbox 1879 4763 2127 4822; x_wconf 90' lang='lat' dir='ltr'><strong>lissimus</strong></span> <span class='ocrx_word' id='word_1_729' title='bbox 2156 4765 2336 4835; x_wconf 89' lang='lat' dir='ltr'><strong>miles,</strong></span> <span class='ocrx_word' id='word_1_730' title='bbox 2374 4777 2568 4825; x_wconf 87' lang='lat' dir='ltr'><strong>contra</strong></span> <span class='ocrx_word' id='word_1_731' title='bbox 2598 4769 2945 4830; x_wconf 89' lang='lat' dir='ltr'><strong>scismaticos</strong></span> <span class='ocrx_word' id='word_1_732' title='bbox 2982 4765 3368 4826; x_wconf 86' lang='lat' dir='ltr'><strong>strenuissime</strong></span> <span class='ocrx_word' id='word_1_733' title='bbox 3397 4770 3479 4824; x_wconf 90' lang='lat' dir='ltr'><strong>di-</strong></span> 
     </span>
    </p>
   </div>
   <div class='ocr_carea' id='block_1_100' title="bbox 1393 4849 2071 4910">
    <p class='ocr_par' dir='ltr' id='par_1_100' title="bbox 1393 4849 2071 4910">
     <span class='ocr_line' id='line_1_100' title="bbox 1393 4849 2071 4910; baseline 0.006 -6"><span class='ocrx_word' id='word_1_734' title='bbox 1393 4849 1629 4908; x_wconf 67' lang='lat' dir='ltr'><strong>VARIAS</strong></span> <span class='ocrx_word' id='word_1_735' title='bbox 1661 4850 1959 4908; x_wconf 84' lang='lat' dir='ltr'><strong>LECTION</strong></span> <span class='ocrx_word' id='word_1_736' title='bbox 1966 4853 2071 4910; x_wconf 89' lang='lat' dir='ltr'><strong>ES.</strong></span> 
     </span>
    </p>
   </div>
   <div class='ocr_carea' id='block_1_101' title="bbox 200 4918 3096 5050">
    <p class='ocr_par' dir='ltr' id='par_1_101' title="bbox 200 4924 3096 5050">
     <span class='ocr_line' id='line_1_101' title="bbox 265 4924 3096 5025; baseline 0.007 -37"><span class='ocrx_word' id='word_1_737' title='bbox 265 4927 335 4961; x_wconf 74' lang='lat'><strong>&quot;&#39;</strong></span> <span class='ocrx_word' id='word_1_738' title='bbox 363 4930 550 5012; x_wconf 77' lang='lat' dir='ltr'><strong>Ipsius</strong></span> <span class='ocrx_word' id='word_1_739' title='bbox 576 4930 736 5011; x_wconf 75' lang='lat' dir='ltr'><strong>usque</strong></span> <span class='ocrx_word' id='word_1_740' title='bbox 759 4951 1088 5011; x_wconf 86' lang='lat' dir='ltr'><strong>acceperunt</strong></span> <span class='ocrx_word' id='word_1_741' title='bbox 1112 4924 1299 4995; x_wconf 69' lang='lat' dir='ltr'><strong>desnnt</strong></span> <span class='ocrx_word' id='word_1_742' title='bbox 1323 4941 1377 4994; x_wconf 70' lang='grc'><strong>2.</strong></span> <span class='ocrx_word' id='word_1_743' title='bbox 1456 4941 1528 4974; x_wconf 65' lang='grc'><strong>⁸⁸⁸</strong></span> <span class='ocrx_word' id='word_1_744' title='bbox 1566 4943 1602 4998; x_wconf 90' lang='lat' dir='ltr'><strong>l.</strong></span> <span class='ocrx_word' id='word_1_745' title='bbox 1638 4942 1692 4997; x_wconf 94' lang='lat' dir='ltr'><strong>d.</strong></span> <span class='ocrx_word' id='word_1_746' title='bbox 1722 4960 1776 5013; x_wconf 89' lang='lat' dir='ltr'><strong>p.</strong></span> <span class='ocrx_word' id='word_1_747' title='bbox 1804 4945 1860 4998; x_wconf 79' lang='lat' dir='ltr'><strong>in</strong></span> <span class='ocrx_word' id='word_1_748' title='bbox 1879 4944 1933 4998; x_wconf 76' lang='grc'><strong>2.</strong></span> <span class='ocrx_word' id='word_1_749' title='bbox 1953 4954 2076 5025; x_wconf 72' lang='lat' dir='ltr'><strong>post</strong></span> <span class='ocrx_word' id='word_1_750' title='bbox 2096 4947 2383 5016; x_wconf 85' lang='lat' dir='ltr'><strong>explorare</strong></span> <span class='ocrx_word' id='word_1_751' title='bbox 2408 4950 2690 5023; x_wconf 91' lang='lat' dir='ltr'><strong>potuimus</strong></span> <span class='ocrx_word' id='word_1_752' title='bbox 2711 4952 2832 5023; x_wconf 88' lang='lat' dir='ltr'><strong>jam</strong></span> <span class='ocrx_word' id='word_1_753' title='bbox 2869 4956 2920 5013; x_wconf 83' lang='lat' dir='ltr'><strong>le</strong></span> <span class='ocrx_word' id='word_1_754' title='bbox 2957 4958 3096 5012; x_wconf 79' lang='lat' dir='ltr'><strong>itur-</strong></span> 
     </span>
     <span class='ocr_line' id='line_1_102' title="bbox 200 4976 3004 5050; baseline 0.001 -2"><span class='ocrx_word' id='word_1_755' title='bbox 200 4994 467 5050; x_wconf 78' lang='lat' dir='ltr'><strong>abbatlam</strong></span> <span class='ocrx_word' id='word_1_756' title='bbox 491 5013 750 5050; x_wconf 68' lang='grc' dir='ltr'><strong>ςιιορρρείι</strong></span> <span class='ocrx_word' id='word_1_757' title='bbox 779 5014 971 5050; x_wconf 63' lang='lat' dir='ltr'><strong>duom:</strong></span> <span class='ocrx_word' id='word_1_758' title='bbox 1004 5012 1039 5050; x_wconf 74' lang='lat'>9</span> <span class='ocrx_word' id='word_1_759' title='bbox 1136 5011 1206 5043; x_wconf 73' lang='lat' dir='ltr'><strong>tu</strong></span> <span class='ocrx_word' id='word_1_760' title='bbox 1246 5010 1320 5050; x_wconf 78' lang='lat' dir='ltr'><strong>M0</strong></span> <span class='ocrx_word' id='word_1_761' title='bbox 1349 5011 1415 5050; x_wconf 79' lang='lat'><strong>[.0</strong></span> <span class='ocrx_word' id='word_1_762' title='bbox 1441 5010 1559 5050; x_wconf 85' lang='lat' dir='ltr'><strong>nm</strong></span> <span class='ocrx_word' id='word_1_763' title='bbox 1583 5029 1729 5050; x_wconf 71' lang='lat' dir='ltr'><strong>onnn</strong></span> <span class='ocrx_word' id='word_1_764' title='bbox 1751 5012 1927 5050; x_wconf 70' lang='grc' dir='ltr'><strong>πιῑῖοιιι</strong></span> <span class='ocrx_word' id='word_1_765' title='bbox 1953 5016 2108 5050; x_wconf 61' lang='lat' dir='ltr'><strong>mimi</strong></span> <span class='ocrx_word' id='word_1_766' title='bbox 2137 5017 2193 5050; x_wconf 65' lang='grc' dir='ltr'><strong>ει.</strong></span> <span class='ocrx_word' id='word_1_767' title='bbox 2227 5015 2340 5050; x_wconf 64' lang='lat' dir='ltr'><strong>In...</strong></span> <span class='ocrx_word' id='word_1_768' title='bbox 2375 5038 2501 5050; x_wconf 62' lang='grc' dir='ltr'><strong>---η</strong></span> <span class='ocrx_word' id='word_1_769' title='bbox 2555 5020 2709 5050; x_wconf 65' lang='lat' dir='ltr'><strong>in---</strong></span> <span class='ocrx_word' id='word_1_770' title='bbox 2745 4976 2954 5050; x_wconf 50' lang='lat' dir='ltr'><strong>“ﬂung</strong></span> <span class='ocrx_word' id='word_1_771' title='bbox 2983 5028 3004 5050; x_wconf 81' lang='grc' dir='ltr'><strong><em>ι</em></strong></span> 
     </span>
    </p>
   </div>
   <div class='ocr_carea' id='block_1_102' title="bbox 303 5010 3037 5088">
    <p class='ocr_par' dir='ltr' id='par_1_102' title="bbox 303 5010 3037 5088">
     <span class='ocr_line' id='line_1_103' title="bbox 303 5010 3037 5088; baseline 0.009 -35"><span class='ocrx_word' id='word_1_772' title='bbox 303 5010 469 5088; x_wconf 60' lang='lat' dir='ltr'><strong>etiam</strong></span> <span class='ocrx_word' id='word_1_773' title='bbox 491 5010 978 5088; x_wconf 47' lang='lat' dir='ltr'><strong>successitrtgsttnt</strong></span> <span class='ocrx_word' id='word_1_774' title='bbox 1004 5012 1101 5088; x_wconf 52' lang='lat'><strong>2.&quot;</strong></span> <span class='ocrx_word' id='word_1_775' title='bbox 1136 5011 1206 5088; x_wconf 64' lang='lat' dir='ltr'><strong>f”</strong></span> <span class='ocrx_word' id='word_1_776' title='bbox 1228 5010 1559 5088; x_wconf 79' lang='lat' dir='ltr'><strong>_M°.L°.Illl°</strong></span> <span class='ocrx_word' id='word_1_777' title='bbox 1580 5010 1928 5088; x_wconf 72' lang='lat' dir='ltr'><strong>anno</strong></span> <span class='ocrx_word' id='word_1_778' title='bbox 1951 5010 2108 5069; x_wconf 59' lang='lat' dir='ltr'><strong>iné‘a’r‘</strong></span> <span class='ocrx_word' id='word_1_779' title='bbox 2137 5010 2340 5088; x_wconf 57' lang='lat' dir='ltr'><strong>inloco</strong></span> <span class='ocrx_word' id='word_1_780' title='bbox 2375 5010 2524 5088; x_wconf 62' lang='lat' dir='ltr'><strong>riuo,</strong></span> <span class='ocrx_word' id='word_1_781' title='bbox 2552 5010 2730 5077; x_wconf 62' lang='lat' dir='ltr'><strong>litera&#39;</strong></span> <span class='ocrx_word' id='word_1_782' title='bbox 2745 5010 3037 5084; x_wconf 31' lang='lat' dir='ltr'><strong>minori-1.</strong></span> 
     </span>
    </p>
   </div>
   <div class='ocr_carea' id='block_1_103' title="bbox 3171 4943 3496 5019">
    <p class='ocr_par' dir='ltr' id='par_1_103' title="bbox 3171 4943 3496 5019">
     <span class='ocr_line' id='line_1_104' title="bbox 3171 4943 3496 5019; baseline 0.003 -42"><span class='ocrx_word' id='word_1_783' title='bbox 3171 4943 3248 5019; x_wconf 45' lang='lat' dir='ltr'><strong>fll-</strong></span> <span class='ocrx_word' id='word_1_784' title='bbox 3427 4979 3496 4990; x_wconf 80' lang='lat'>___</span> 
     </span>
    </p>
   </div>
   <div class='ocr_carea' id='block_1_104' title="bbox 3120 5013 3502 5073">
    <p class='ocr_par' dir='ltr' id='par_1_104' title="bbox 3120 5013 3502 5073">
     <span class='ocr_line' id='line_1_105' title="bbox 3120 5013 3502 5073; baseline 0.01 -8"><span class='ocrx_word' id='word_1_785' title='bbox 3120 5013 3187 5046; x_wconf 66' lang='lat'><strong>“7</strong></span> <span class='ocrx_word' id='word_1_786' title='bbox 3229 5013 3363 5070; x_wconf 77' lang='grc' dir='ltr'><strong>Ιιὶηέ</strong></span> <span class='ocrx_word' id='word_1_787' title='bbox 3395 5019 3502 5073; x_wconf 76' lang='lat' dir='ltr'><strong>alio</strong></span> 
     </span>
    </p>
   </div>
   <div class='ocr_carea' id='block_1_105' title="bbox 200 5070 3510 5208">
    <p class='ocr_par' dir='ltr' id='par_1_105' title="bbox 200 5070 3510 5208">
     <span class='ocr_line' id='line_1_106' title="bbox 200 5070 3510 5204; baseline -0.011 -29"><span class='ocrx_word' id='word_1_788' title='bbox 200 5070 606 5157; x_wconf 66' lang='grc' dir='ltr'><strong>ἐἠνονενεησίε</strong></span> <span class='ocrx_word' id='word_1_789' title='bbox 634 5080 684 5135; x_wconf 72' lang='grc' dir='ltr'><strong>ί-</strong></span> <span class='ocrx_word' id='word_1_790' title='bbox 851 5080 1037 5164; x_wconf 65' lang='grc' dir='ltr'><strong>,θδίίίκ</strong></span> <span class='ocrx_word' id='word_1_791' title='bbox 1057 5079 1550 5204; x_wconf 54' lang='grc' dir='ltr'><strong>ηεξιιτίευελιιοορε</strong></span> <span class='ocrx_word' id='word_1_792' title='bbox 1573 5085 1626 5140; x_wconf 75' lang='lat'><strong>2.</strong></span> <span class='ocrx_word' id='word_1_793' title='bbox 1659 5085 1835 5139; x_wconf 73' lang='grc' dir='ltr'><strong>ιηεάεα</strong></span> <span class='ocrx_word' id='word_1_794' title='bbox 1862 5084 2070 5141; x_wconf 69' lang='lat' dir='ltr'><strong>desum.</strong></span> <span class='ocrx_word' id='word_1_795' title='bbox 2265 5070 3098 5170; x_wconf 55' lang='lat' dir='ltr'><strong>neceaa&#39;siazgraggities</strong></span> <span class='ocrx_word' id='word_1_796' title='bbox 3134 5082 3293 5138; x_wconf 70' lang='lat'><strong>1089.</strong></span> <span class='ocrx_word' id='word_1_797' title='bbox 3339 5070 3510 5160; x_wconf 53' lang='lat' dir='ltr'><strong>(an.</strong></span> 
     </span>
     <span class='ocr_line' id='line_1_107' title="bbox 200 5139 3433 5208; baseline -0.011 7"><span class='ocrx_word' id='word_1_798' title='bbox 200 5145 314 5203; x_wconf 68' lang='grc' dir='ltr'><em>Ραθ·</em></span> <span class='ocrx_word' id='word_1_799' title='bbox 339 5139 462 5196; x_wconf 58' lang='lat'><strong>449-</strong></span> <span class='ocrx_word' id='word_1_800' title='bbox 490 5144 583 5199; x_wconf 77' lang='grc' dir='ltr'><strong>ίιη-</strong></span> <span class='ocrx_word' id='word_1_801' title='bbox 614 5148 729 5208; x_wconf 75' lang='grc'><strong>54.)</strong></span> <span class='ocrx_word' id='word_1_802' title='bbox 767 5151 896 5208; x_wconf 71' lang='lat' dir='ltr'><strong>folio</strong></span> <span class='ocrx_word' id='word_1_803' title='bbox 919 5166 1097 5206; x_wconf 68' lang='lat' dir='ltr'><strong>emerso</strong></span> <span class='ocrx_word' id='word_1_804' title='bbox 1132 5166 1187 5205; x_wconf 75' lang='lat' dir='ltr'><strong>tn</strong></span> <span class='ocrx_word' id='word_1_805' title='bbox 1220 5149 1328 5204; x_wconf 61' lang='grc' dir='ltr'><strong>μ’.</strong></span> <span class='ocrx_word' id='word_1_806' title='bbox 1394 5164 1567 5208; x_wconf 74' lang='lat' dir='ltr'><strong>esurit.</strong></span> <span class='ocrx_word' id='word_1_807' title='bbox 3430 5182 3433 5185; x_wconf 95' lang='lat'><em>_</em></span> 
     </span>
    </p>
   </div>
   <div class='ocr_carea' id='block_1_106' title="bbox 199 5139 1328 5225">
    <p class='ocr_par' dir='ltr' id='par_1_106' title="bbox 199 5139 1328 5225">
     <span class='ocr_line' id='line_1_108' title="bbox 199 5139 1328 5225; baseline -0.012 -9"><span class='ocrx_word' id='word_1_808' title='bbox 199 5145 314 5215; x_wconf 50' lang='lat'><strong>&quot;&#39;9&#39;</strong></span> <span class='ocrx_word' id='word_1_809' title='bbox 490 5139 583 5199; x_wconf 72' lang='grc' dir='ltr'><strong>ιὶἱι.</strong></span> <span class='ocrx_word' id='word_1_810' title='bbox 614 5148 729 5225; x_wconf 76' lang='grc'><strong>54.)</strong></span> <span class='ocrx_word' id='word_1_811' title='bbox 764 5151 896 5223; x_wconf 78' lang='lat' dir='ltr'><strong>folio</strong></span> <span class='ocrx_word' id='word_1_812' title='bbox 919 5152 1097 5206; x_wconf 74' lang='lat' dir='ltr'><strong>exciso</strong></span> <span class='ocrx_word' id='word_1_813' title='bbox 1132 5151 1187 5205; x_wconf 78' lang='lat' dir='ltr'><strong>in</strong></span> <span class='ocrx_word' id='word_1_814' title='bbox 1220 5149 1328 5204; x_wconf 60' lang='grc' dir='ltr'><strong>μ’.</strong></span> 
     </span>
    </p>
   </div>
   <div class='ocr_carea' id='block_1_107' title="bbox 262 5294 796 5444">
    <p class='ocr_par' dir='ltr' id='par_1_107' title="bbox 262 5294 796 5444">
     <span class='ocr_line' id='line_1_109' title="bbox 262 5294 796 5444; baseline 0.051 -83"><span class='ocrx_word' id='word_1_815' title='bbox 262 5306 439 5444; x_wconf 51' lang='grc' dir='ltr'><strong>ρδεξε)</strong></span> <span class='ocrx_word' id='word_1_816' title='bbox 471 5294 796 5401; x_wconf 82' lang='lat' dir='ltr'><strong>Hartwigus.</strong></span> 
     </span>
     <span class='ocr_line' id='line_1_110' title="bbox 288 5378 796 5444; baseline 0.03 -13"><span class='ocrx_word' id='word_1_817' title='bbox 288 5378 441 5444; x_wconf 77' lang='grc'><strong>1555(</strong></span> <span class='ocrx_word' id='word_1_818' title='bbox 465 5386 699 5444; x_wconf 73' lang='lat' dir='ltr'><strong>Capellm</strong></span> <span class='ocrx_word' id='word_1_819' title='bbox 723 5416 796 5444; x_wconf 57' lang='lat' dir='ltr'><strong>sua</strong></span> 
     </span>
    </p>
   </div>
   <div class='ocr_carea' id='block_1_108' title="bbox 288 5378 1773 5474">
    <p class='ocr_par' dir='ltr' id='par_1_108' title="bbox 288 5378 1773 5474">
     <span class='ocr_line' id='line_1_111' title="bbox 288 5378 1773 5474; baseline 0.019 -41"><span class='ocrx_word' id='word_1_820' title='bbox 465 5378 707 5474; x_wconf 48' lang='lat' dir='ltr'><strong>Capella—£3)</strong></span> <span class='ocrx_word' id='word_1_821' title='bbox 716 5378 855 5474; x_wconf 57' lang='lat' dir='ltr'><strong>sunt</strong></span> <span class='ocrx_word' id='word_1_822' title='bbox 877 5395 1215 5474; x_wconf 62' lang='lat' dir='ltr'><strong>vestimenta</strong></span> <span class='ocrx_word' id='word_1_823' title='bbox 1232 5411 1298 5452; x_wconf 87' lang='lat' dir='ltr'><strong>ac</strong></span> <span class='ocrx_word' id='word_1_824' title='bbox 1323 5414 1449 5454; x_wconf 87' lang='lat' dir='ltr'><strong>vasa</strong></span> <span class='ocrx_word' id='word_1_825' title='bbox 1466 5419 1661 5474; x_wconf 81' lang='lat' dir='ltr'><strong>sacra,</strong></span> <span class='ocrx_word' id='word_1_826' title='bbox 1686 5420 1773 5460; x_wconf 89' lang='lat' dir='ltr'><strong>re-</strong></span> 
     </span>
    </p>
   </div>
   <div class='ocr_carea' id='block_1_109' title="bbox 1694 5220 1923 5300">
    <p class='ocr_par' dir='ltr' id='par_1_109' title="bbox 1694 5220 1923 5300">
     <span class='ocr_line' id='line_1_112' title="bbox 1694 5220 1923 5300; baseline -0.017 -2"><span class='ocrx_word' id='word_1_827' title='bbox 1694 5220 1923 5300; x_wconf 70' lang='lat' dir='ltr'><strong>noua;</strong></span> 
     </span>
    </p>
   </div>
   <div class='ocr_carea' id='block_1_110' title="bbox 2135 5319 2445 5391">
    <p class='ocr_par' dir='ltr' id='par_1_110' title="bbox 2135 5319 2445 5391">
     <span class='ocr_line' id='line_1_113' title="bbox 2135 5319 2445 5391; baseline 0.019 -6"><span class='ocrx_word' id='word_1_828' title='bbox 2135 5319 2257 5385; x_wconf 70' lang='grc'><strong>485.</strong></span> <span class='ocrx_word' id='word_1_829' title='bbox 2289 5331 2416 5391; x_wconf 88' lang='lat' dir='ltr'><strong>Uss.</strong></span> <span class='ocrx_word' id='word_1_830' title='bbox 2440 5332 2445 5339; x_wconf 78' lang='grc'><em>’</em></span> 
     </span>
    </p>
   </div>
   <div class='ocr_carea' id='block_1_111' title="bbox 1876 5346 3524 5474">
    <p class='ocr_par' dir='ltr' id='par_1_111' title="bbox 1876 5346 3524 5474">
     <span class='ocr_line' id='line_1_114' title="bbox 1876 5346 2597 5455; baseline 0.012 -71"><span class='ocrx_word' id='word_1_831' title='bbox 1876 5350 1931 5405; x_wconf 84' lang='lat' dir='ltr'><strong>p.</strong></span> <span class='ocrx_word' id='word_1_832' title='bbox 1962 5346 2101 5455; x_wconf 90' lang='grc' dir='ltr'><strong>ιι,</strong></span> <span class='ocrx_word' id='word_1_833' title='bbox 2135 5346 2257 5385; x_wconf 61' lang='lat' dir='ltr'><strong>suo.</strong></span> <span class='ocrx_word' id='word_1_834' title='bbox 2292 5346 2416 5391; x_wconf 89' lang='lat' dir='ltr'><strong>Uss.</strong></span> <span class='ocrx_word' id='word_1_835' title='bbox 2592 5352 2597 5355; x_wconf 83' lang='lat'>&#39;</span> 
     </span>
     <span class='ocr_line' id='line_1_115' title="bbox 1949 5397 3524 5474; baseline 0.012 -19"><span class='ocrx_word' id='word_1_836' title='bbox 1949 5402 2040 5471; x_wconf 79' lang='lat' dir='ltr'><strong>(i5</strong></span> <span class='ocrx_word' id='word_1_837' title='bbox 2078 5399 2420 5474; x_wconf 68' lang='lat' dir='ltr'><strong>§)_Fortasse</strong></span> <span class='ocrx_word' id='word_1_838' title='bbox 2435 5419 2623 5463; x_wconf 91' lang='lat' dir='ltr'><strong>comes</strong></span> <span class='ocrx_word' id='word_1_839' title='bbox 2646 5404 3107 5474; x_wconf 63' lang='lat' dir='ltr'><strong>Durgaugensis,</strong></span> <span class='ocrx_word' id='word_1_840' title='bbox 3134 5404 3332 5474; x_wconf 62' lang='lat'><strong>009&quot;“</strong></span> <span class='ocrx_word' id='word_1_841' title='bbox 3350 5397 3524 5474; x_wconf 51' lang='lat' dir='ltr'><strong>Udal‘</strong></span> 
     </span>
    </p>
   </div>
  </div>
