3996 5474
447 275 470 327 1
481 272 586 332 595

1433 287 1523 341 AD
1553 289 1781 344 OPERA
1823 291 1882 346 S.
1917 287 2250 346 GRECORII
2285 285 2734 344 APPENDICES.

3587 284 3720 340 1396

444 383 658 443 micans
693 390 968 446 occubuit.
1020 391 1242 449 Interim
1285 393 1573 454 Heinrieus
1619 402 1770 456 omni
1812 401 2031 473 ingenio
2059 406 2105 462 Α
2133 401 2220 455 nis
2245 442 2259 467 ,
2286 415 2413 456 cum
2449 399 2670 470 quantis
2697 405 2966 469 possent,
3012 395 3228 452 obviam
3256 394 3432 451 ituros
3461 395 3725 452 condisc-

442 485 497 531 et
525 477 689 546 dolo,
731 482 860 552 quia
905 483 974 514 “°
1004 484 1056 539 vi
1089 500 1198 540 non
1237 487 1455 558 potuit,
1493 491 1812 559 praedictum
1862 491 2030 546 collo-

443 567 636 638 quium
671 586 738 626 ne
777 572 928 626 fieret
955 573 1164 633 efﬁcere
1190 576 1384 642 voluit;
1408 588 1491 634 set
1515 577 1700 636 fideles
1729 582 1904 637 sancti
1929 579 2032 636 Pe-

442 659 514 713 tri
544 660 637 714 illo
664 662 906 730 nolente,
931 664 1101 720 immo
1124 667 1206 722 eis
1231 667 1534 737 periculum
1557 671 1684 724 belli
1704 671 2027 738 intentante,

443 751 512 806 ad
542 751 851 808 condictum
893 756 1186 812 terminum
1222 773 1516 829 pervenere
1564 759 1717 831 (Feb.
1749 762 1880 832 επ).
1911 761 2030 832 Ipse

441 857 570 896 vero
609 843 892 912 justiciam
921 848 1084 903 solito
1110 865 1261 905 more
1289 851 1695 920 subterfugiens
1720 895 1735 920 ,
1764 861 1820 908 et
1858 852 2027 907 ratio-

439 933 609 988 nabili
641 935 806 991 etiam
856 939 1090 994 consilio
1133 956 1360 996 suorum
1408 943 1760 1013 acquiescere
1790 943 1982 997 nolens
2010 985 2026 1007 ,

409 1026 631 1116 Jadesse
653 1036 708 1081 et
735 1031 1082 1100 contempsit;
1107 1033 1252 1088 unde
1275 1041 1330 1088 et
1355 1048 1548 1088 omnes
1577 1049 1713 1104 pene
1741 1049 1872 1089 suos
1897 1049 2029 1088 con-

435 1127 522 1171 tra
554 1133 613 1172 se
641 1134 1010 1190 murmurare,
1042 1131 1097 1178 et
1121 1124 1416 1182 nonnullos
1442 1141 1635 1180 eorum
1660 1125 1729 1180 ab
1756 1141 1824 1180 eo
1852 1125 2028 1180 disce-

438 1209 568 1263 dere
596 1208 747 1277 fecit,
776 1215 952 1269 nostri
987 1225 1172 1270 autem
1210 1193 1334 1271 cum
1377 1232 1510 1287 pace
1552 1217 1619 1272 ad
1661 1233 1760 1272 sua
1797 1217 2024 1272 rediere.

441 1299 548 1356 Sed
597 1304 830 1359 necdum
880 1307 1038 1363 sedes
1085 1309 1385 1378 apostolica
1419 1309 1720 1380 legitimum
1749 1317 2026 1379 pastorem

438 1392 642 1449 habere
683 1397 859 1465 potuit
882 1439 898 1463 ,
948 1413 1014 1453 eo
1048 1400 1195 1470 quod
1231 1398 1525 1456 Guibertus
1553 1399 1843 1454 Ravennas
1871 1399 2030 1454 here-

437 1484 656 1542 siarcha
687 1488 942 1558 pcrjurus
973 1499 1026 1544 et
1055 1491 1550 1548 anathematizatus
1578 1491 1809 1546 eandem
1840 1491 2026 1544 sedem

437 1576 674 1633 factione
703 1578 943 1636 lleinrici
978 1582 1094 1652 jam
1142 1591 1268 1638 octo
1313 1583 1474 1638 annis
1522 1581 1879 1637 infestaverit.
1912 1572 2035 1636 Etsi

436 1670 583 1724 enim
617 1670 732 1742 ipse
759 1672 908 1726 illam
939 1689 1064 1728 cum
1091 1689 1224 1744 pace
1253 1674 1561 1745 nequiverit
1589 1674 1857 1737 obtinere,
1891 1673 2028 1728 adeo

2133 499 2280 544 runt.
2315 489 2374 543 ln
2420 488 2679 558 praedicto
2714 487 2988 557 colloquio
3023 487 3194 542 literae
3221 486 3410 542 domni
3445 501 3605 556 papa:
3633 501 3720 540 re-

2131 579 2308 633 citatae
2333 586 2485 644 sunt,
2509 577 2564 631 in
2589 577 2790 647 quibus
2810 587 2864 632 et
2892 593 3050 632 suam
3081 577 3485 647 promotionem
3515 576 3724 646 princi-

2130 667 2291 737 pibus
2324 665 2475 735 regni
2501 665 2853 722 denunciavit
2876 708 2891 733 ,
2918 675 2972 721 et
2991 667 3260 736 judicium
3289 667 3376 720 sui
3406 675 3718 720 antecesso-

2129 758 2208 814 ris
2232 757 2335 828 pia:
2359 757 2428 789 “'
2459 757 2736 812 memoria:
2763 757 3008 828 Gregorii
3033 775 3185 830 papa:
3211 773 3377 828 super
3403 756 3721 812 Heinricum

2127 861 2182 908 et
2228 851 2474 907 fautores
2520 851 2641 921 ejus
2671 852 3016 921 apertissime
3045 850 3408 906 conﬁrmavit.
3444 849 3722 904 Latislaus

2129 959 2223 999 rex
2249 941 2594 1014 Ungarorum
2619 944 2788 999 missa
2809 943 3081 1014 legatione
3103 942 3170 996 ad
3193 942 3336 996 idem
3359 941 3718 1010 colloquium,

2129 1051 2188 1092 se
2217 1036 2272 1090 in
2304 1035 2560 1090 fidelitate
2584 1035 2760 1090 sancti
2787 1035 2932 1089 Petri
2963 1043 3438 1105 perseveraturum
3475 1026 3726 1087 declara-

2129 1127 2206 1181 vit
2231 1168 2246 1192 ,
2275 1135 2329 1180 et
2355 1125 2604 1181 fidelibus
2628 1127 2802 1182 sancti
2835 1125 2982 1181 Petri
3014 1125 3089 1158 ⁸⁸⁸
3116 1141 3243 1180 cum
3271 1124 3465 1195 viginti
3499 1125 3722 1179 milibus

2128 1215 2375 1285 equitum
2429 1225 2620 1270 contra
2664 1216 3009 1272 scismaticos
3045 1231 3105 1272 se
3135 1216 3474 1282 affuturum,
3527 1215 3578 1270 si
3629 1231 3722 1269 ne-

2129 1322 2283 1362 cesse
2311 1305 2450 1362 foret
2479 1349 2494 1374 ,
2538 1307 2807 1377 promisit.
2841 1307 2910 1340 “⁸
2939 1306 3204 1362 Praedicta
3235 1315 3419 1360 tamen
3447 1306 3722 1376 expeditio

2130 1393 2387 1470 utrinque
2433 1401 2500 1455 ad
2553 1401 2704 1455 illum
2759 1400 3055 1455 terminum
3105 1399 3391 1453 remansit.
3453 1397 3727 1452 Salomon

2129 1492 2405 1562 quondam
2431 1507 2525 1547 rex
2551 1491 2914 1564 Ungarorum,
2946 1491 3154 1546 scilicet
3180 1489 3250 1522 “‘
3278 1506 3309 1544 a
3339 1489 3588 1544 Latislao
3607 1490 3720 1558 jam

2129 1583 2338 1638 dudum
2361 1599 2532 1654 regno
2563 1583 2807 1653 privatus
2835 1593 2888 1637 et
2923 1583 2979 1636 in
3013 1581 3238 1637 exilium
3263 1581 3552 1653 expulsus,
3591 1583 3722 1636 dum

2131 1673 2389 1743 quiddam
2437 1671 2652 1728 fortiter
2695 1683 2886 1728 contra
2919 1687 3100 1743 regem
3136 1671 3438 1728 Grecorum
3472 1673 3718 1736 molitur,

437 1769 620 1816 tamen
656 1778 754 1832 per
779 1779 984 1836 organa
1011 1766 1214 1821 diaboli
1241 1766 1546 1837 praevaluit,
1576 1773 1638 1821 ut
1661 1766 1776 1836 jam
1807 1763 2026 1820 biennio
2057 1757 2100 1810 Β
2125 1773 2248 1835 post
2285 1765 2655 1821 incredibilem
2687 1765 2925 1820 hostium
2955 1773 3193 1834 stragem
3231 1773 3288 1818 ct
3327 1765 3445 1834 ipsc
3493 1764 3718 1818 viriliter

435 1853 593 1909 sedes
618 1857 916 1926 apostolica
955 1859 1214 1928 pastorali
1246 1859 1641 1930 gubernatione
1670 1857 1908 1912 caruerit
1927 1855 2016 1910 “‘.

436 1943 590 2001 Unde
616 1963 743 2004 cum
773 1965 966 2005 omnes
991 1950 1246 2006 catholici
1274 1950 1470 2005 merito
1499 1949 1768 2016 dolerent,
1801 1947 2021 2003 tandem

433 2048 637 2095 sancta
663 2039 924 2098 Romanae
944 2043 1172 2099 :eclesia:
1202 2043 1508 2099 cardinales
1535 2041 1770 2112 episcopi
1801 2083 1814 2107 ,
1846 2049 1899 2095 et
1929 2057 2008 2095 re-

431 2130 568 2202 liqui
597 2134 854 2188 catholici
893 2135 961 2190 de
1004 2135 1152 2191 clero
1179 2144 1234 2190 ct
1265 2135 1468 2206 populo
1493 2150 1617 2190 cum
1650 2133 1855 2188 auxilio
1882 2130 2022 2186 Nor-

432 2239 758 2282 maunorum
785 2224 1144 2295 Desiderium,
1169 2227 1412 2300 ejusdem
1437 2226 1665 2284 melesiae
1688 2225 2021 2281 cardinalem

430 2323 486 2368 et
509 2315 858 2374 Cassinensis
897 2319 1216 2376 monasterii
1243 2319 1492 2374 abbatem
1519 2359 1534 2383 ,
1565 2333 1762 2387 papam
1795 2316 2018 2370 160m“-

430 2407 868 2475 ordinaverunt,
918 2411 1078 2482 eique
1125 2409 1278 2466 tercii
1307 2409 1544 2465 Victoris
1573 2423 1772 2463 nomen
1811 2406 2022 2462 indide-

427 2506 580 2564 runt;
610 2500 706 2570 qui
728 2502 910 2557 statim
934 2510 1060 2573 post
1081 2501 1403 2558 electionem
1430 2516 1587 2557 suam
1617 2499 1802 2556 missis
1822 2515 2022 2570 usque.

428 2603 647 2659 quaque
675 2590 851 2648 literis
895 2608 954 2648 se
991 2593 1150 2663 juxta
1193 2595 1410 2649 decreta
1447 2599 1762 2650 sanctorum
1803 2599 2019 2662 patrum

427 2679 728 2738 declaravit
757 2683 1120 2740 incessurum.
1151 2683 1425 2741 Iudicium
1461 2699 1682 2754 quoque
1733 2683 1818 2739 sui
1867 2691 2021 2738 ante-

427 2775 669 2830 cesseris
698 2775 798 2845 piae
829 2777 1110 2834 memoriae
1139 2777 1384 2848 Gregorii
1427 2792 1581 2848 papa:
1617 2791 1780 2846 super
1805 2773 2020 2830 Heinri-

427 2879 554 2920 cum
585 2876 638 2920 et
666 2881 858 2924 omnes
886 2867 1006 2939 ejus
1035 2868 1279 2924 fautores
1307 2867 1670 2923 confirmavit.
1708 2866 2017 2922 Consecra~

427 2965 520 3013 tus
547 2967 632 3013 est
657 2967 839 3013 autem
861 2969 1093 3016 exeunte
1117 2959 1260 3015 Maio
1289 2976 1477 3016 mense
1503 2958 1686 3032 (1557)
1710 2959 1852 3029 apud
1881 2958 2020 3012 San-

427 3056 578 3102 ctum
648 3047 869 3106 Petrum
941 3068 970 3106 a
1037 3051 1406 3108 cardinalibus
1475 3050 1746 3121 episcopis
1821 3048 2018 3104 Ottone

2121 1858 2398 1914 occubuit.
2451 1857 2655 1913 Eodem
2689 1873 2908 1929 quoque
2944 1857 3190 1926 tempore
3226 1856 3452 1926 quidam
3487 1857 3716 1912 scisma-

2121 1951 2283 2016 ticus,
2314 1951 2410 2021 qui
2444 1949 2822 2006 Pataviensem
2849 1950 3246 2020 episcopatum,
3279 1949 3510 2026 .vivcnte
3541 1949 3718 2004 adhuc

2121 2043 2364 2114 legitimo
2389 2043 2772 2113 pastore,~jam
2800 2043 3008 2097 dudum
3037 2041 3235 2096 invasit
3263 2039 3474 2111 (1558),
3512 2043 3584 2096 de
3618 2041 3723 2096 hac

2121 2132 2232 2186 vita
2287 2132 2577 2188 discedens
2627 2132 2698 2164 “7
2753 2131 3122 2186 certissimum
3178 2146 3293 2185 sua:
3345 2130 3718 2185 damnationis

2119 2224 2431 2294 exemplum
2457 2224 2685 2294 reliquis
2710 2223 3042 2280 scismaticis
3065 2221 3374 2292 dereliquit.
3402 2221 3548 2277 Cum
3570 2222 3716 2277 enim

2116 2315 2232 2386 jam
2264 2316 2320 2368 in
2346 2315 2608 2370 extremis
2625 2315 2834 2385 jaceret
2855 2357 2870 2381 ,
2901 2330 3070 2385 seque
3101 2315 3168 2369 ad
3196 2325 3461 2370 aeternam
3487 2314 3720 2368 damna-

2119 2409 2326 2467 tionem
2352 2409 2466 2478 jam
2504 2409 2618 2480 jam
2647 2409 2924 2463 abiturum
2967 2423 3078 2462 non
3116 2407 3428 2475 dubitaret,
3464 2407 3714 2478 apparuit

2120 2501 2170 2556 ei
2215 2501 2458 2574 ejusdem
2502 2501 2731 2557 melesia:
2757 2500 3049 2572 episcopus
3071 2543 3086 2565 ,
3117 2509 3176 2554 ut
3214 2511 3373 2555 tanto
3406 2499 3716 2556 evidentius

2120 2595 2336 2664 culpam
2379 2593 2579 2662 sciret,
2620 2609 2784 2664 quam
2833 2594 2978 2664 apud
3029 2592 3236 2648 inferos
3280 2593 3435 2647 luere
3471 2592 3707 2646 deberet.

2121 2684 2352 2757 Rogavit
2379 2694 2560 2741 tamen
2618 2701 2744 2742 eum
2797 2695 2857 2740 ut
2894 2686 2944 2740 ei
2989 2686 3204 2756 culpam
3239 2685 3589 2756 indulgeret,
3635 2683 3710 2752 ip-

2120 2793 2354 2850 sumque
2406 2777 2476 2833 ab
2520 2777 3084 2834 excommunicatione
3149 2777 3405 2834 solveret.
3485 2775 3709 2847 Rogavit

2119 2884 2341 2940 quoque
2389 2869 2842 2926 circumastantes
2877 2879 2937 2925 ut
2980 2884 3106 2924 eum
3134 2868 3202 2924 de
3231 2867 3557 2945 episcopatu
3592 2881 3708 2920 eve-

2121 2961 2343 3028 hercnt,
2379 2976 2480 3016 nec
2511 2977 2639 3016 eum
2674 2962 2729 3016 in
2761 2961 3076 3032 episc0patu
3109 2960 3423 3030 sepelirent.
3459 2957 3569 3013 Sed
3599 2959 3710 3012 bas:

2120 3053 2285 3107 verba
2353 3053 2662 3110 astantibus
2716 3053 2874 3124 quasi
2929 3053 3286 3108 deliramenta
3363 3051 3706 3106 videbantur.

426 3137 677 3197 Ostiense
700 3184 714 3208 ,
745 3151 798 3196 et
824 3141 986 3199 Petro
1012 3141 1319 3198 Albanense
1342 3158 1469 3198 cum
1502 3141 1729 3212 reliquis
1759 3141 2016 3196 cardina-
2043 3126 2085 3183 (ἶ
2118 3143 2238 3214 lpse
2293 3152 2477 3201 autem
2530 3159 2592 3201 se
2644 3161 2792 3202 same
2845 3146 3044 3201 mentis
3094 3153 3433 3215 protestatus
3459 3185 3475 3209 ,
3527 3143 3706 3198 itidem

425 3230 592 3287 libus.
627 3231 922 3290 Guibertus
952 3249 1083 3290 vero
1114 3233 1462 3289 heresiarcha
1499 3247 1610 3287 non
1639 3233 1815 3303 magis
1843 3231 1912 3286 ab
1938 3231 2018 3284 in-

427 3331 585 3391 cepta
613 3325 969 3394 perversitate
1004 3325 1274 3390 etessavit,
1304 3325 1473 3379 immo
1499 3340 1558 3380 se
1582 3323 1726 3394 apud
1754 3321 2014 3377 Sanctam

427 3413 658 3470 Mariam
684 3419 750 3472 ad
779 3417 1056 3486 Martires,
1084 3435 1250 3490 quam
1286 3417 1597 3473 Rotundum
1623 3417 1832 3483 dicunt,
1867 3418 2018 3472 inea-

429 3505 684 3560 stcllavit.
719 3508 963 3564 Domnus
993 3526 1128 3580 papa
1157 3517 1340 3564 autem
1389 3509 1446 3562 in
1485 3509 1720 3564 insulam
1776 3523 1898 3578 qua:
1933 3508 2016 3562 in-

429 3604 514 3651 ter
537 3597 678 3653 duos
722 3608 915 3669 pontes
945 3601 1049 3656 sita
1079 3608 1162 3656 est
1211 3617 1270 3656 se
1300 3599 1523 3671 recepit.
1572 3598 1850 3668 Principes
1879 3615 2018 3668 quo-

428 3702 539 3760 que
567 3690 720 3760 regni
753 3689 1207 3758 Teutonicorum,
1239 3692 1426 3747 fideles
1450 3691 1676 3764 inquam
1707 3689 1881 3746 sancti
1909 3688 2014 3744 Pe—

429 3779 502 3839 tri
533 3823 550 3848 ,
583 3785 832 3853 generale
862 3783 1196 3855 colloquium
1235 3799 1361 3840 cum
1389 3782 1644 3838 Heinrico
1687 3791 1744 3838 et
1781 3780 2014 3836 fautori-

429 3869 536 3930 bus
560 3873 681 3944 ejus
707 3875 761 3929 in
794 3873 1050 3932 Kalendis
1077 3874 1308 3946 Augusti
1332 3891 1496 3945 prope
1518 3872 1898 3928 Nemetensem
1937 3870 2016 3926 ci-

428 3965 654 4022 vitatem
685 3968 1024 4036 habuerunt,
1055 3967 1215 4038 eique
1245 3967 1579 4040 adjutorium
1618 3981 1780 4022 suum
1811 3965 1878 4020 ad
1913 3965 2016 4020 oh-

428 4055 722 4112 tinendum
762 4074 989 4128 regnum
1017 4101 1032 4126 ,
1083 4058 1130 4113 si
1165 4058 1232 4112 de
1267 4056 1835 4112 excommunicatione
1867 4055 2016 4110 exire

426 4146 609 4214 vellet,
637 4147 866 4207 fideliter
893 4149 1280 4220 promiserunt.
1307 4147 1402 4204 llle
1430 4157 1613 4204 autem
1640 4148 1694 4202 in
1731 4147 1891 4204 solita
1917 4162 2016 4202 sua

427 4237 1172 4310 obstinationc‘persisteus,
1217 4256 1321 4296 nec
1370 4255 1430 4295 se
1477 4239 2016 4297 excommunicatum

427 4328 671 4397 profiteri
705 4331 960 4401 dignatus
995 4341 1080 4388 est
1107 4375 1122 4400 ,
1163 4333 1290 4388 licet
1340 4333 1446 4388 hoc
1489 4333 1592 4390 sibi
1642 4348 1674 4390 a
1718 4331 1921 4390 nostris
1959 4331 2014 4386 in

2119 3233 2358 3304 rogitare
2382 3249 2492 3288 non
2523 3235 2778 3302 cessavit;
2811 3243 2894 3290 set
2921 3235 3220 3301 incassum;
3250 3249 3378 3288 nam
3404 3242 3534 3288 ante
3561 3232 3708 3288 mele»

2119 3324 2394 3379 si‘asticam
2446 3325 2847 3381 absolutionem
2881 3335 3056 3381 morte
3081 3333 3391 3396 praeventus
3417 3333 3527 3380 est.
3559 3322 3704 3378 Non-

2119 3416 2254 3470 nulli
2307 3426 2490 3471 tamen
2539 3418 2634 3488 qui
2695 3427 2808 3473 tam
2871 3419 3192 3488 periculosae
3247 3417 3414 3471 morti
3463 3416 3706 3486 ejusdem

2117 3507 2416 3563 scismatici
2445 3509 2709 3576 aderant,
2740 3509 3053 3582 compuncti
3096 3517 3226 3564 sunt
3251 3526 3266 3574 ;
3303 3507 3400 3577 qui
3433 3516 3492 3563 et
3523 3518 3708 3580 postea

2117 3598 2184 3654 ad
2216 3599 2520 3671 legitimum
2549 3610 2824 3671 pastorem
2854 3603 3146 3658 redeuntes
3169 3642 3184 3667 ,
3211 3599 3428 3654 veniam
3463 3608 3524 3654 et
3551 3600 3708 3654 abso-

2118 3689 2381 3746 lutionem
2409 3683 2689 3747 consecuti
2720 3701 2852 3748 sunt
2877 3693 2966 3746 “'.
3000 3691 3187 3748 Romae
3211 3689 3406 3746 Victor
3432 3707 3578 3762 papa
3597 3691 3706 3761 jam

2116 3781 2367 3852 pluribus
2393 3783 2551 3838 annis
2579 3783 2852 3850 infirmus,
2885 3794 2939 3840 et
2968 3770 3024 3838 in
3057 3783 3247 3838 eadem
3272 3782 3595 3838 inﬁmitate
3617 3798 3706 3836 or-

2117 3871 2356 3939 dinatus,
2383 3882 2507 3944 post
2527 3881 2786 3944 quartum
2808 3890 3053 3932 mensem
3075 3874 3162 3930 sui
3185 3873 3542 3944 pontiﬁcatus
3565 3874 3706 3929 diem

2117 3965 2318 4021 clausit
2357 3974 2663 4020 extremum
2693 3965 2860 4037 (Sept.
2897 3966 3022 4038 l6);
3063 3967 3208 4023 unde
3239 3966 3479 4021 multum
3511 3967 3706 4021 letatus

2116 4064 2204 4110 est
2261 4053 2610 4109 hercsiarcha
2666 4054 2961 4112 Guibertus
3015 4073 3140 4113 cum
3185 4056 3303 4112 suis
3353 4057 3700 4127 sequacibus.

2117 4142 2405 4200 Heinricus
2433 4160 2650 4214 quoque
2678 4161 2746 4204 eo
2774 4156 3038 4218 tempore,
3067 4148 3197 4203 licet
3223 4147 3480 4203 intlrmus
3501 4190 3520 4216 ,
3546 4164 3703 4218 expe-

2116 4233 2376 4291 ditionem
2408 4235 2463 4289 in
2495 4235 2790 4291 Saxoniam
2829 4253 2956 4293 cum
2989 4237 3443 4294 Bebeimensibus
3484 4255 3701 4310 promo-

2115 4332 2213 4400 vit;
2239 4340 2324 4388 set
2347 4339 2540 4386 sancto
2569 4329 2732 4386 Petro
2761 4345 2892 4386 suos
2917 4330 3102 4386 ﬁdeles
3131 4338 3449 4401 protegente
3473 4373 3490 4397 ,
3528 4331 3700 4401 inglo-

426 4418 624 4475 faciem
660 4421 924 4478 instanter
957 4425 1299 4494 probaretur.
1333 4423 1487 4482 Unde
1510 4433 1566 4481 et
1602 4424 1778 4480 nostri
1808 4425 2013 4480 nullam
2047 4463 2092 4518 Β
2115 4426 2233 4481 rius
2263 4426 2388 4480 inde
2415 4425 2579 4481 nimis
2609 4425 2907 4480 accelerate
2935 4424 3112 4479 rediit.
3157 4421 3292 4478 Nam
3324 4423 3700 4480 llcremannus

427 4528 619 4588 pacem
664 4516 746 4568 vel
781 4517 1130 4572 concordiam
1178 4532 1330 4584 cum,
1355 4531 1422 4571 eo
1454 4517 1524 4548 ⁸⁸³
1554 4517 1756 4572 habere
1803 4525 2012 4572 statue-

427 4611 578 4680 runt.
619 4603 959 4678 Quapropter
989 4609 1394 4678 expeditionem
1442 4623 1599 4669 suam
1655 4623 1818 4678 super
1868 4609 2016 4678 ipsos

427 4692 488 4748 in
518 4704 766 4749 octavam
803 4698 973 4752 sancti
999 4697 1320 4756 Michahelis
1345 4699 1591 4770 proxime
1613 4707 1898 4754 venturam
1927 4699 2013 4754 in-

429 4781 584 4837 dixit.
634 4783 817 4840 Nostri
863 4796 1044 4842 autem
1085 4805 1144 4844 se
1188 4790 1417 4846 eandem
1453 4789 1853 4859 expeditionem
1889 4798 2014 4844 octo

430 4874 624 4929 diebus
654 4888 1032 4946 prmventuros
1055 4922 1069 4946 ,
1099 4895 1268 4951 seque
1297 4880 1349 4935 ei
1384 4880 1440 4936 in
1473 4881 1596 4936 loco
1636 4880 2016 4951 congregatio-

1713 5007 1949 5064 VARUE
1978 5008 2378 5066 LECTlONES.

2118 4532 2212 4571 rex
2241 4531 2366 4570 eum
2398 4514 2468 4548 m
2497 4531 2621 4570 cum
2651 4524 2802 4570 tanta
2847 4514 3198 4570 multitudine
3225 4513 3507 4570 Saxonum
3557 4515 3698 4570 inse.

2118 4616 2278 4663 cutus
2309 4615 2414 4674 est,
2447 4616 2507 4662 ut
2534 4607 2788 4663 facillime
2817 4607 2995 4678 ipsum
3025 4623 3152 4663 cum
3175 4608 3432 4663 omnibus
3463 4608 3584 4662 suis
3607 4607 3699 4662 oh—

2117 4697 2333 4763 tineret,
2367 4697 2414 4752 si
2450 4713 2559 4752 non
2589 4697 2714 4752 dolo
2741 4697 3015 4768 Eggiberti
3042 4700 3256 4756 comitis
3281 4699 3471 4768 (I359)
3498 4699 3704 4753 evasis-

2119 4797 2222 4844 set.
2255 4788 2356 4845 Hic
2382 4803 2575 4859 nempe
2604 4803 2789 4844 comes
2816 4790 2910 4856 "°,
2943 4791 3130 4862 gloria:
3151 4788 3359 4843 domini
3389 4789 3458 4820 ⁸⁷⁸
3492 4789 3579 4843 sui
3607 4787 3700 4840 lle-

2120 4879 2367 4936 remanni
2399 4881 2542 4951 regis
2568 4880 2636 4912 ‘7‘
2661 4880 2898 4936 multum
2924 4880 3188 4945 invidens,
3221 4878 3475 4935 inimicos
3502 4886 3697 4935 sancta:
