  <div class='ocr_page' id='page_1' title='image "/cluster/home/n/w/nwhite01/storage/ocr_20150623/148/hvd.32044015471840/697.png"; bbox 0 0 3996 5474; ppageno 0'>
   <div class='ocr_carea' id='block_1_1' title="bbox 460 201 600 259">
    <p class='ocr_par' dir='ltr' id='par_1_1' title="bbox 460 201 600 259">
     <span class='ocr_line' id='line_1_1' title="bbox 460 201 600 259; baseline 0.007 -1"><span class='ocrx_word' id='word_1_1' title='bbox 460 201 600 259; x_wconf 74' lang='grc'>1599</span> 
     </span>
    </p>
   </div>
   <div class='ocr_carea' id='block_1_2' title="bbox 1445 201 2750 264">
    <p class='ocr_par' dir='ltr' id='par_1_2' title="bbox 1445 201 2750 264">
     <span class='ocr_line' id='line_1_2' title="bbox 1445 201 2750 264; baseline 0.006 -8"><span class='ocrx_word' id='word_1_2' title='bbox 1445 201 1538 256; x_wconf 77' lang='lat' dir='ltr'><strong>AD</strong></span> <span class='ocrx_word' id='word_1_3' title='bbox 1573 201 1805 258; x_wconf 73' lang='lat' dir='ltr'><strong>OPERA</strong></span> <span class='ocrx_word' id='word_1_4' title='bbox 1846 202 1904 258; x_wconf 72' lang='grc' dir='ltr'>ε.</span> <span class='ocrx_word' id='word_1_5' title='bbox 1945 201 2273 264; x_wconf 67' lang='grc' dir='ltr'><strong>αῆεοοιω</strong></span> <span class='ocrx_word' id='word_1_6' title='bbox 2308 205 2750 264; x_wconf 72' lang='lat' dir='ltr'><strong>APPENDICES.</strong></span> 
     </span>
    </p>
   </div>
   <div class='ocr_carea' id='block_1_3' title="bbox 3590 204 3728 261">
    <p class='ocr_par' dir='ltr' id='par_1_3' title="bbox 3590 204 3728 261">
     <span class='ocr_line' id='line_1_3' title="bbox 3590 204 3728 261; baseline 0.014 -1"><span class='ocrx_word' id='word_1_7' title='bbox 3590 204 3728 261; x_wconf 70' lang='lat'><strong>“00</strong></span> 
     </span>
    </p>
   </div>
   <div class='ocr_carea' id='block_1_4' title="bbox 457 311 3721 392">
    <p class='ocr_par' dir='ltr' id='par_1_4' title="bbox 457 311 3721 392">
     <span class='ocr_line' id='line_1_4' title="bbox 457 311 3721 392; baseline 0.002 -24"><span class='ocrx_word' id='word_1_8' title='bbox 457 313 622 369; x_wconf 87' lang='lat' dir='ltr'><strong>dione</strong></span> <span class='ocrx_word' id='word_1_9' title='bbox 641 311 929 384; x_wconf 82' lang='lat' dir='ltr'><strong>cujusdam</strong></span> <span class='ocrx_word' id='word_1_10' title='bbox 952 312 1274 370; x_wconf 80' lang='lat' dir='ltr'><strong>munitionis</strong></span> <span class='ocrx_word' id='word_1_11' title='bbox 1295 313 1478 386; x_wconf 76' lang='grc'>(1565)</span> <span class='ocrx_word' id='word_1_12' title='bbox 1506 315 1563 370; x_wconf 85' lang='lat' dir='ltr'><strong>in</strong></span> <span class='ocrx_word' id='word_1_13' title='bbox 1582 317 1856 386; x_wconf 84' lang='lat' dir='ltr'><strong>quendam</strong></span> <span class='ocrx_word' id='word_1_14' title='bbox 1887 333 2043 372; x_wconf 87' lang='lat' dir='ltr'><strong>mon-</strong></span> <span class='ocrx_word' id='word_1_15' title='bbox 2073 319 2283 377; x_wconf 78' lang='lat' dir='ltr'><strong>A.riam</strong></span> <span class='ocrx_word' id='word_1_16' title='bbox 2323 320 2610 392; x_wconf 77' lang='lat' dir='ltr'><strong>episcopos</strong></span> <span class='ocrx_word' id='word_1_17' title='bbox 2656 321 2992 378; x_wconf 73' lang='lat' dir='ltr'><strong>constituam</strong></span> <span class='ocrx_word' id='word_1_18' title='bbox 3040 328 3379 392; x_wconf 73' lang='lat' dir='ltr'><strong>procuraret.</strong></span> <span class='ocrx_word' id='word_1_19' title='bbox 3404 313 3632 390; x_wconf 57' lang='lat' dir='ltr'><strong>{Nempe</strong></span> <span class='ocrx_word' id='word_1_20' title='bbox 3668 316 3721 373; x_wconf 81' lang='lat' dir='ltr'><strong>ia</strong></span> 
     </span>
    </p>
   </div>
   <div class='ocr_carea' id='block_1_5' title="bbox 459 404 2042 478">
    <p class='ocr_par' dir='ltr' id='par_1_5' title="bbox 459 404 2042 478">
     <span class='ocr_line' id='line_1_5' title="bbox 459 404 2042 478; baseline 0.003 -18"><span class='ocrx_word' id='word_1_21' title='bbox 459 413 569 460; x_wconf 90' lang='lat' dir='ltr'><strong>tem</strong></span> <span class='ocrx_word' id='word_1_22' title='bbox 597 405 831 476; x_wconf 78' lang='lat' dir='ltr'><strong>turpiter</strong></span> <span class='ocrx_word' id='word_1_23' title='bbox 859 405 1119 477; x_wconf 86' lang='lat' dir='ltr'><strong>fugarunt</strong></span> <span class='ocrx_word' id='word_1_24' title='bbox 1140 404 1288 478; x_wconf 82' lang='lat' dir='ltr'><strong>(Dec.</strong></span> <span class='ocrx_word' id='word_1_25' title='bbox 1313 405 1427 477; x_wconf 66' lang='grc'><strong>24),</strong></span> <span class='ocrx_word' id='word_1_26' title='bbox 1459 406 1642 478; x_wconf 82' lang='lat' dir='ltr'><strong>ibique</strong></span> <span class='ocrx_word' id='word_1_27' title='bbox 1661 423 1787 464; x_wconf 87' lang='lat' dir='ltr'><strong>eum</strong></span> <span class='ocrx_word' id='word_1_28' title='bbox 1804 409 2042 464; x_wconf 89' lang='lat' dir='ltr'><strong>biduana</strong></span> 
     </span>
    </p>
   </div>
   <div class='ocr_carea' id='block_1_6' title="bbox 459 495 2048 570">
    <p class='ocr_par' dir='ltr' id='par_1_6' title="bbox 459 495 2048 570">
     <span class='ocr_line' id='line_1_6' title="bbox 459 495 2048 570; baseline 0.001 -18"><span class='ocrx_word' id='word_1_29' title='bbox 459 497 746 553; x_wconf 86' lang='lat' dir='ltr'><strong>obsidione</strong></span> <span class='ocrx_word' id='word_1_30' title='bbox 790 497 858 552; x_wconf 91' lang='lat' dir='ltr'><strong>ad</strong></span> <span class='ocrx_word' id='word_1_31' title='bbox 903 495 1306 552; x_wconf 79' lang='lat' dir='ltr'><strong>confessionem</strong></span> <span class='ocrx_word' id='word_1_32' title='bbox 1349 497 1714 556; x_wconf 81' lang='lat' dir='ltr'><strong>anathematis</strong></span> <span class='ocrx_word' id='word_1_33' title='bbox 1745 508 1800 555; x_wconf 88' lang='lat' dir='ltr'><strong>et</strong></span> <span class='ocrx_word' id='word_1_34' title='bbox 1845 501 2048 570; x_wconf 79' lang='lat' dir='ltr'><strong>expeti-</strong></span> 
     </span>
    </p>
   </div>
   <div class='ocr_carea' id='block_1_7' title="bbox 459 582 2044 662">
    <p class='ocr_par' dir='ltr' id='par_1_7' title="bbox 459 582 2044 662">
     <span class='ocr_line' id='line_1_7' title="bbox 459 582 2044 662; baseline 0.003 -20"><span class='ocrx_word' id='word_1_35' title='bbox 459 587 666 644; x_wconf 89' lang='lat' dir='ltr'><strong>tionem</strong></span> <span class='ocrx_word' id='word_1_36' title='bbox 687 587 1145 644; x_wconf 82' lang='lat' dir='ltr'><strong>reconciliationis</strong></span> <span class='ocrx_word' id='word_1_37' title='bbox 1167 587 1564 659; x_wconf 83' lang='lat' dir='ltr'><strong>compulerunt.</strong></span> <span class='ocrx_word' id='word_1_38' title='bbox 1586 582 1671 646; x_wconf 82' lang='lat' dir='ltr'><strong>Eo</strong></span> <span class='ocrx_word' id='word_1_39' title='bbox 1699 590 1865 662; x_wconf 81' lang='lat' dir='ltr'><strong>igitur</strong></span> <span class='ocrx_word' id='word_1_40' title='bbox 1884 599 2044 660; x_wconf 87' lang='lat' dir='ltr'><strong>pacto</strong></span> 
     </span>
    </p>
   </div>
   <div class='ocr_carea' id='block_1_8' title="bbox 462 678 2046 750">
    <p class='ocr_par' dir='ltr' id='par_1_8' title="bbox 462 678 2046 750">
     <span class='ocr_line' id='line_1_8' title="bbox 462 678 2046 750; baseline 0.004 -18"><span class='ocrx_word' id='word_1_41' title='bbox 462 687 682 750; x_wconf 87' lang='lat' dir='ltr'><strong>accepta</strong></span> <span class='ocrx_word' id='word_1_42' title='bbox 728 693 860 748; x_wconf 90' lang='lat' dir='ltr'><strong>pace</strong></span> <span class='ocrx_word' id='word_1_43' title='bbox 902 678 1176 746; x_wconf 88' lang='lat' dir='ltr'><strong>discessit,</strong></span> <span class='ocrx_word' id='word_1_44' title='bbox 1225 680 1321 736; x_wconf 90' lang='lat' dir='ltr'><strong>sed</strong></span> <span class='ocrx_word' id='word_1_45' title='bbox 1368 695 1400 736; x_wconf 88' lang='lat' dir='ltr'><strong>a</strong></span> <span class='ocrx_word' id='word_1_46' title='bbox 1447 681 1606 737; x_wconf 89' lang='lat' dir='ltr'><strong>solita</strong></span> <span class='ocrx_word' id='word_1_47' title='bbox 1631 683 1904 738; x_wconf 89' lang='lat' dir='ltr'><strong>tirannide</strong></span> <span class='ocrx_word' id='word_1_48' title='bbox 1932 696 2046 738; x_wconf 89' lang='lat' dir='ltr'><strong>non</strong></span> 
     </span>
    </p>
   </div>
   <div class='ocr_carea' id='block_1_9' title="bbox 459 768 2046 844">
    <p class='ocr_par' dir='ltr' id='par_1_9' title="bbox 459 768 2046 844">
     <span class='ocr_line' id='line_1_9' title="bbox 459 768 2046 844; baseline 0.001 -18"><span class='ocrx_word' id='word_1_49' title='bbox 459 770 702 826; x_wconf 88' lang='lat' dir='ltr'><strong>recessit.</strong></span> <span class='ocrx_word' id='word_1_50' title='bbox 725 768 1078 843; x_wconf 83' lang='lat' dir='ltr'><strong>Eggehardus</strong></span> <span class='ocrx_word' id='word_1_51' title='bbox 1104 771 1274 829; x_wconf 84' lang='lat' dir='ltr'><strong>abbas</strong></span> <span class='ocrx_word' id='word_1_52' title='bbox 1298 772 1610 844; x_wconf 83' lang='lat' dir='ltr'><strong>Augiensis,</strong></span> <span class='ocrx_word' id='word_1_53' title='bbox 1639 775 1742 831; x_wconf 87' lang='lat' dir='ltr'><strong>etsi</strong></span> <span class='ocrx_word' id='word_1_54' title='bbox 1770 789 1881 829; x_wconf 90' lang='lat' dir='ltr'><strong>non</strong></span> <span class='ocrx_word' id='word_1_55' title='bbox 1908 773 2046 830; x_wconf 90' lang='lat' dir='ltr'><strong>adeo</strong></span> 
     </span>
    </p>
   </div>
   <div class='ocr_carea' id='block_1_10' title="bbox 460 861 2040 933">
    <p class='ocr_par' dir='ltr' id='par_1_10' title="bbox 460 861 2040 933">
     <span class='ocr_line' id='line_1_10' title="bbox 460 861 2040 933; baseline 0.003 -17"><span class='ocrx_word' id='word_1_56' title='bbox 460 861 783 933; x_wconf 85' lang='lat' dir='ltr'><strong>religiosus,</strong></span> <span class='ocrx_word' id='word_1_57' title='bbox 835 861 894 918; x_wconf 90' lang='lat' dir='ltr'><strong>in</strong></span> <span class='ocrx_word' id='word_1_58' title='bbox 942 862 1049 920; x_wconf 81' lang='lat' dir='ltr'><strong>ﬁne</strong></span> <span class='ocrx_word' id='word_1_59' title='bbox 1091 871 1278 920; x_wconf 88' lang='lat' dir='ltr'><strong>tamen</strong></span> <span class='ocrx_word' id='word_1_60' title='bbox 1323 865 1668 922; x_wconf 82' lang='lat' dir='ltr'><strong>laudabiliter</strong></span> <span class='ocrx_word' id='word_1_61' title='bbox 1715 881 2040 931; x_wconf 88' lang='lat' dir='ltr'><strong>conversus,</strong></span> 
     </span>
    </p>
   </div>
   <div class='ocr_carea' id='block_1_11' title="bbox 461 951 2042 1024">
    <p class='ocr_par' dir='ltr' id='par_1_11' title="bbox 461 951 2042 1024">
     <span class='ocr_line' id='line_1_11' title="bbox 461 951 2042 1024; baseline 0.006 -18"><span class='ocrx_word' id='word_1_62' title='bbox 461 959 524 1007; x_wconf 91' lang='lat' dir='ltr'><strong>ut</strong></span> <span class='ocrx_word' id='word_1_63' title='bbox 549 951 617 985; x_wconf 67' lang='grc' dir='ltr'><strong>δί</strong></span> <span class='ocrx_word' id='word_1_64' title='bbox 647 953 804 1008; x_wconf 89' lang='lat' dir='ltr'><strong>aiunt</strong></span> <span class='ocrx_word' id='word_1_65' title='bbox 847 954 948 1020; x_wconf 66' lang='lat' dir='ltr'><strong>m,</strong></span> <span class='ocrx_word' id='word_1_66' title='bbox 977 955 1120 1012; x_wconf 88' lang='lat' dir='ltr'><strong>diem</strong></span> <span class='ocrx_word' id='word_1_67' title='bbox 1150 955 1218 988; x_wconf 69' lang='grc'><strong>⁴⁹¹</strong></span> <span class='ocrx_word' id='word_1_68' title='bbox 1254 956 1454 1016; x_wconf 85' lang='lat' dir='ltr'><strong>clausit</strong></span> <span class='ocrx_word' id='word_1_69' title='bbox 1479 957 1546 990; x_wconf 70' lang='grc'><strong>⁸⁸³</strong></span> <span class='ocrx_word' id='word_1_70' title='bbox 1597 967 1904 1014; x_wconf 80' lang='lat' dir='ltr'><strong>extremum</strong></span> <span class='ocrx_word' id='word_1_71' title='bbox 1932 955 2000 991; x_wconf 68' lang='grc'><strong>⁸³⁸</strong></span> <span class='ocrx_word' id='word_1_72' title='bbox 2027 976 2042 1024; x_wconf 88' lang='lat'><strong>;</strong></span> 
     </span>
    </p>
   </div>
   <div class='ocr_carea' id='block_1_12' title="bbox 463 1044 1317 1104">
    <p class='ocr_par' dir='ltr' id='par_1_12' title="bbox 463 1044 1317 1104">
     <span class='ocr_line' id='line_1_12' title="bbox 463 1044 1317 1104; baseline 0 -5"><span class='ocrx_word' id='word_1_73' title='bbox 463 1045 550 1099; x_wconf 89' lang='lat' dir='ltr'><strong>cui</strong></span> <span class='ocrx_word' id='word_1_74' title='bbox 577 1045 647 1078; x_wconf 62' lang='grc' dir='ltr'><strong>δ”</strong></span> <span class='ocrx_word' id='word_1_75' title='bbox 671 1047 936 1103; x_wconf 86' lang='lat' dir='ltr'><strong>successit</strong></span> <span class='ocrx_word' id='word_1_76' title='bbox 966 1044 1317 1104; x_wconf 71' lang='lat' dir='ltr'><strong>Oddalricus.</strong></span> 
     </span>
    </p>
   </div>
   <div class='ocr_carea' id='block_1_13' title="bbox 1097 1139 1438 1195">
    <p class='ocr_par' dir='ltr' id='par_1_13' title="bbox 1097 1139 1438 1195">
     <span class='ocr_line' id='line_1_13' title="bbox 1097 1139 1438 1195; baseline 0 -1"><span class='ocrx_word' id='word_1_77' title='bbox 1097 1139 1438 1195; x_wconf 79' lang='lat' dir='ltr'><strong>MLXXXIX.</strong></span> 
     </span>
    </p>
   </div>
   <div class='ocr_carea' id='block_1_14' title="bbox 532 1228 2058 1306">
    <p class='ocr_par' dir='ltr' id='par_1_14' title="bbox 532 1228 2058 1306">
     <span class='ocr_line' id='line_1_14' title="bbox 532 1228 2058 1306; baseline 0.004 -23"><span class='ocrx_word' id='word_1_78' title='bbox 532 1228 594 1284; x_wconf 89' lang='lat' dir='ltr'><strong>In</strong></span> <span class='ocrx_word' id='word_1_79' title='bbox 629 1230 700 1262; x_wconf 62' lang='grc' dir='ltr'><strong>δ”</strong></span> <span class='ocrx_word' id='word_1_80' title='bbox 725 1229 909 1302; x_wconf 83' lang='lat' dir='ltr'><strong>vigilia</strong></span> <span class='ocrx_word' id='word_1_81' title='bbox 938 1232 1242 1288; x_wconf 81' lang='lat' dir='ltr'><strong>nativitatis</strong></span> <span class='ocrx_word' id='word_1_82' title='bbox 1269 1231 1492 1288; x_wconf 87' lang='lat' dir='ltr'><strong>Domini</strong></span> <span class='ocrx_word' id='word_1_83' title='bbox 1531 1233 1864 1306; x_wconf 74' lang='lat' dir='ltr'><strong>Eggebertus</strong></span> <span class='ocrx_word' id='word_1_84' title='bbox 1895 1250 2058 1290; x_wconf 54' lang='lat' dir='ltr'><strong>mar--~</strong></span> 
     </span>
    </p>
   </div>
   <div class='ocr_carea' id='block_1_15' title="bbox 463 1319 2058 1396">
    <p class='ocr_par' dir='ltr' id='par_1_15' title="bbox 463 1319 2058 1396">
     <span class='ocr_line' id='line_1_15' title="bbox 463 1319 2058 1396; baseline 0.006 -23"><span class='ocrx_word' id='word_1_85' title='bbox 463 1319 590 1375; x_wconf 77' lang='lat' dir='ltr'><strong>chio</strong></span> <span class='ocrx_word' id='word_1_86' title='bbox 637 1319 956 1378; x_wconf 83' lang='lat' dir='ltr'><strong>lieinricum</strong></span> <span class='ocrx_word' id='word_1_87' title='bbox 983 1323 1054 1357; x_wconf 62' lang='lat'><strong>‘9‘</strong></span> <span class='ocrx_word' id='word_1_88' title='bbox 1083 1332 1137 1378; x_wconf 86' lang='lat' dir='ltr'><strong>et</strong></span> <span class='ocrx_word' id='word_1_89' title='bbox 1165 1339 1384 1379; x_wconf 87' lang='lat' dir='ltr'><strong>omnem</strong></span> <span class='ocrx_word' id='word_1_90' title='bbox 1424 1325 1546 1396; x_wconf 88' lang='lat' dir='ltr'><strong>ejus</strong></span> <span class='ocrx_word' id='word_1_91' title='bbox 1591 1326 1894 1382; x_wconf 83' lang='lat' dir='ltr'><strong>exercitum</strong></span> <span class='ocrx_word' id='word_1_92' title='bbox 1919 1341 2058 1382; x_wconf 56' lang='lat' dir='ltr'><strong>cum-</strong></span> 
     </span>
    </p>
   </div>
   <div class='ocr_carea' id='block_1_16' title="bbox 464 1410 2048 1488">
    <p class='ocr_par' dir='ltr' id='par_1_16' title="bbox 464 1410 2048 1488">
     <span class='ocr_line' id='line_1_16' title="bbox 464 1410 2048 1488; baseline 0.003 -23"><span class='ocrx_word' id='word_1_93' title='bbox 464 1410 655 1480; x_wconf 84' lang='lat' dir='ltr'><strong>paucis</strong></span> <span class='ocrx_word' id='word_1_94' title='bbox 683 1413 968 1482; x_wconf 88' lang='lat' dir='ltr'><strong>militibus,</strong></span> <span class='ocrx_word' id='word_1_95' title='bbox 999 1431 1032 1469; x_wconf 90' lang='lat' dir='ltr'><strong>a</strong></span> <span class='ocrx_word' id='word_1_96' title='bbox 1053 1415 1384 1486; x_wconf 84' lang='lat' dir='ltr'><strong>quibusdam</strong></span> <span class='ocrx_word' id='word_1_97' title='bbox 1406 1416 1676 1488; x_wconf 81' lang='lat' dir='ltr'><strong>religiosis</strong></span> <span class='ocrx_word' id='word_1_98' title='bbox 1706 1416 1890 1488; x_wconf 74' lang='lat'><strong>(1366)</strong></span> <span class='ocrx_word' id='word_1_99' title='bbox 1921 1431 2048 1472; x_wconf 88' lang='lat' dir='ltr'><strong>con-</strong></span> 
     </span>
    </p>
   </div>
   <div class='ocr_carea' id='block_1_17' title="bbox 463 1504 2048 1578">
    <p class='ocr_par' dir='ltr' id='par_1_17' title="bbox 463 1504 2048 1578">
     <span class='ocr_line' id='line_1_17' title="bbox 463 1504 2048 1578; baseline 0.003 -20"><span class='ocrx_word' id='word_1_100' title='bbox 463 1504 721 1572; x_wconf 80' lang='lat' dir='ltr'><strong>fortatus,</strong></span> <span class='ocrx_word' id='word_1_101' title='bbox 749 1505 978 1562; x_wconf 78' lang='lat' dir='ltr'><strong>viriliter</strong></span> <span class='ocrx_word' id='word_1_102' title='bbox 1023 1507 1243 1574; x_wconf 82' lang='lat' dir='ltr'><strong>invasit,</strong></span> <span class='ocrx_word' id='word_1_103' title='bbox 1281 1523 1516 1578; x_wconf 86' lang='lat' dir='ltr'><strong>eumque</strong></span> <span class='ocrx_word' id='word_1_104' title='bbox 1542 1509 1609 1563; x_wconf 92' lang='lat' dir='ltr'><strong>de</strong></span> <span class='ocrx_word' id='word_1_105' title='bbox 1637 1507 1922 1562; x_wconf 87' lang='lat' dir='ltr'><strong>obsidione</strong></span> <span class='ocrx_word' id='word_1_106' title='bbox 1950 1522 2048 1562; x_wconf 88' lang='lat' dir='ltr'><strong>cu-</strong></span> 
     </span>
    </p>
   </div>
   <div class='ocr_carea' id='block_1_18' title="bbox 462 1596 2048 1670">
    <p class='ocr_par' dir='ltr' id='par_1_18' title="bbox 462 1596 2048 1670">
     <span class='ocr_line' id='line_1_18' title="bbox 462 1596 2048 1670; baseline 0.001 -19"><span class='ocrx_word' id='word_1_107' title='bbox 462 1596 684 1666; x_wconf 89' lang='lat' dir='ltr'><strong>jusdam</strong></span> <span class='ocrx_word' id='word_1_108' title='bbox 713 1597 786 1630; x_wconf 61' lang='lat'><strong>&quot;5</strong></span> <span class='ocrx_word' id='word_1_109' title='bbox 811 1597 900 1654; x_wconf 88' lang='lat' dir='ltr'><strong>sui</strong></span> <span class='ocrx_word' id='word_1_110' title='bbox 923 1599 994 1646; x_wconf 60' lang='grc' dir='ltr'><strong>δι’</strong></span> <span class='ocrx_word' id='word_1_111' title='bbox 1022 1599 1230 1655; x_wconf 88' lang='lat' dir='ltr'><strong>castelli</strong></span> <span class='ocrx_word' id='word_1_112' title='bbox 1260 1599 1330 1632; x_wconf 69' lang='grc'><strong>⁸³⁸</strong></span> <span class='ocrx_word' id='word_1_113' title='bbox 1359 1598 1566 1670; x_wconf 81' lang='grc'>(1567),</span> <span class='ocrx_word' id='word_1_114' title='bbox 1605 1599 1698 1654; x_wconf 92' lang='lat' dir='ltr'><strong>ubi</strong></span> <span class='ocrx_word' id='word_1_115' title='bbox 1729 1599 1820 1654; x_wconf 90' lang='lat' dir='ltr'><strong>ille</strong></span> <span class='ocrx_word' id='word_1_116' title='bbox 1848 1597 2048 1652; x_wconf 80' lang='lat' dir='ltr'><strong>nativi-</strong></span> 
     </span>
    </p>
   </div>
   <div class='ocr_carea' id='block_1_19' title="bbox 467 1688 2050 1762">
    <p class='ocr_par' dir='ltr' id='par_1_19' title="bbox 467 1688 2050 1762">
     <span class='ocr_line' id='line_1_19' title="bbox 467 1688 2050 1762; baseline 0.001 -20"><span class='ocrx_word' id='word_1_117' title='bbox 467 1696 634 1744; x_wconf 81' lang='lat' dir='ltr'><strong>tatem</strong></span> <span class='ocrx_word' id='word_1_118' title='bbox 701 1690 976 1746; x_wconf 88' lang='lat' dir='ltr'><strong>celebrare</strong></span> <span class='ocrx_word' id='word_1_119' title='bbox 1021 1691 1311 1762; x_wconf 91' lang='lat' dir='ltr'><strong>disposuit,</strong></span> <span class='ocrx_word' id='word_1_120' title='bbox 1354 1691 1674 1762; x_wconf 87' lang='lat' dir='ltr'><strong>turpissime</strong></span> <span class='ocrx_word' id='word_1_121' title='bbox 1719 1690 1947 1762; x_wconf 80' lang='lat' dir='ltr'><strong>fugavit.</strong></span> <span class='ocrx_word' id='word_1_122' title='bbox 1990 1688 2050 1744; x_wconf 90' lang='lat' dir='ltr'><strong>In</strong></span> 
     </span>
    </p>
   </div>
   <div class='ocr_carea' id='block_1_20' title="bbox 465 1779 2050 1854">
    <p class='ocr_par' dir='ltr' id='par_1_20' title="bbox 465 1779 2050 1854">
     <span class='ocr_line' id='line_1_20' title="bbox 465 1779 2050 1854; baseline 0.003 -20"><span class='ocrx_word' id='word_1_123' title='bbox 465 1779 572 1836; x_wconf 88' lang='lat' dir='ltr'><strong>hac</strong></span> <span class='ocrx_word' id='word_1_124' title='bbox 601 1780 885 1838; x_wconf 77' lang='lat' dir='ltr'><strong>invasione</strong></span> <span class='ocrx_word' id='word_1_125' title='bbox 933 1797 1000 1838; x_wconf 79' lang='lat' dir='ltr'><strong>ex</strong></span> <span class='ocrx_word' id='word_1_126' title='bbox 1028 1792 1180 1854; x_wconf 89' lang='lat' dir='ltr'><strong>parte</strong></span> <span class='ocrx_word' id='word_1_127' title='bbox 1208 1782 1450 1838; x_wconf 85' lang='lat' dir='ltr'><strong>Heinrici</strong></span> <span class='ocrx_word' id='word_1_128' title='bbox 1480 1781 1780 1839; x_wconf 83' lang='lat' dir='ltr'><strong>Leomarus</strong></span> <span class='ocrx_word' id='word_1_129' title='bbox 1819 1783 1890 1816; x_wconf 74' lang='grc'><strong>⁸³⁸</strong></span> <span class='ocrx_word' id='word_1_130' title='bbox 1920 1781 2050 1838; x_wconf 56' lang='lat' dir='ltr'><strong>Bre»</strong></span> 
     </span>
    </p>
   </div>
   <div class='ocr_carea' id='block_1_21' title="bbox 465 1873 2050 1946">
    <p class='ocr_par' dir='ltr' id='par_1_21' title="bbox 465 1873 2050 1946">
     <span class='ocr_line' id='line_1_21' title="bbox 465 1873 2050 1946; baseline 0.002 -21"><span class='ocrx_word' id='word_1_131' title='bbox 465 1873 672 1930; x_wconf 88' lang='lat' dir='ltr'><strong>mensis</strong></span> <span class='ocrx_word' id='word_1_132' title='bbox 709 1875 1153 1945; x_wconf 85' lang='lat' dir='ltr'><strong>archiepiscopus</strong></span> <span class='ocrx_word' id='word_1_133' title='bbox 1177 1884 1232 1930; x_wconf 86' lang='lat' dir='ltr'><strong>et</strong></span> <span class='ocrx_word' id='word_1_134' title='bbox 1260 1873 1584 1931; x_wconf 87' lang='lat' dir='ltr'><strong>Berthaldus</strong></span> <span class='ocrx_word' id='word_1_135' title='bbox 1611 1891 1794 1931; x_wconf 85' lang='lat' dir='ltr'><strong>comes</strong></span> <span class='ocrx_word' id='word_1_136' title='bbox 1822 1873 2050 1946; x_wconf 80' lang='lat' dir='ltr'><strong>capiun—</strong></span> 
     </span>
    </p>
   </div>
   <div class='ocr_carea' id='block_1_22' title="bbox 463 1963 2050 2038">
    <p class='ocr_par' dir='ltr' id='par_1_22' title="bbox 463 1963 2050 2038">
     <span class='ocr_line' id='line_1_22' title="bbox 463 1963 2050 2038; baseline 0.002 -22"><span class='ocrx_word' id='word_1_137' title='bbox 463 1971 574 2018; x_wconf 89' lang='lat' dir='ltr'><strong>tur.</strong></span> <span class='ocrx_word' id='word_1_138' title='bbox 608 1963 980 2022; x_wconf 82' lang='lat' dir='ltr'><strong>Losannensis</strong></span> <span class='ocrx_word' id='word_1_139' title='bbox 1009 1966 1148 2021; x_wconf 83' lang='grc'>1568</span> <span class='ocrx_word' id='word_1_140' title='bbox 1169 1982 1278 2022; x_wconf 91' lang='lat' dir='ltr'><strong>non</strong></span> <span class='ocrx_word' id='word_1_141' title='bbox 1307 1975 1420 2023; x_wconf 88' lang='lat' dir='ltr'><strong>tam</strong></span> <span class='ocrx_word' id='word_1_142' title='bbox 1440 1966 1732 2038; x_wconf 89' lang='lat' dir='ltr'><strong>episcopus</strong></span> <span class='ocrx_word' id='word_1_143' title='bbox 1753 1973 1920 2036; x_wconf 83' lang='lat' dir='ltr'><strong>quam</strong></span> <span class='ocrx_word' id='word_1_144' title='bbox 1949 1981 2050 2020; x_wconf 88' lang='lat' dir='ltr'><strong>an-</strong></span> 
     </span>
    </p>
   </div>
   <div class='ocr_carea' id='block_1_23' title="bbox 463 2053 2054 2139">
    <p class='ocr_par' dir='ltr' id='par_1_23' title="bbox 463 2053 2054 2139">
     <span class='ocr_line' id='line_1_23' title="bbox 463 2053 2054 2139; baseline 0.002 -32"><span class='ocrx_word' id='word_1_145' title='bbox 463 2053 930 2139; x_wconf 27' lang='lat' dir='ltr'><strong>tichristusadum</strong></span> <span class='ocrx_word' id='word_1_146' title='bbox 980 2056 1195 2114; x_wconf 88' lang='lat' dir='ltr'><strong>fortiter</strong></span> <span class='ocrx_word' id='word_1_147' title='bbox 1222 2058 1339 2113; x_wconf 91' lang='lat' dir='ltr'><strong>vult</strong></span> <span class='ocrx_word' id='word_1_148' title='bbox 1383 2073 1562 2129; x_wconf 87' lang='lat' dir='ltr'><strong>agere,</strong></span> <span class='ocrx_word' id='word_1_149' title='bbox 1615 2057 1903 2112; x_wconf 86' lang='lat' dir='ltr'><strong>occiditur.</strong></span> <span class='ocrx_word' id='word_1_150' title='bbox 1933 2054 2054 2126; x_wconf 83' lang='lat' dir='ltr'><strong>Ipse</strong></span> 
     </span>
    </p>
   </div>
   <div class='ocr_carea' id='block_1_24' title="bbox 465 2145 2054 2221">
    <p class='ocr_par' dir='ltr' id='par_1_24' title="bbox 465 2145 2054 2221">
     <span class='ocr_line' id='line_1_24' title="bbox 465 2145 2054 2221; baseline 0.002 -21"><span class='ocrx_word' id='word_1_151' title='bbox 465 2156 649 2202; x_wconf 87' lang='lat' dir='ltr'><strong>autem</strong></span> <span class='ocrx_word' id='word_1_152' title='bbox 685 2145 998 2216; x_wconf 82' lang='lat' dir='ltr'><strong>Heinricus,</strong></span> <span class='ocrx_word' id='word_1_153' title='bbox 1031 2149 1258 2220; x_wconf 89' lang='lat' dir='ltr'><strong>perditis</strong></span> <span class='ocrx_word' id='word_1_154' title='bbox 1285 2150 1560 2221; x_wconf 80' lang='lat' dir='ltr'><strong>regalibus</strong></span> <span class='ocrx_word' id='word_1_155' title='bbox 1598 2148 1932 2220; x_wconf 80' lang='lat' dir='ltr'><strong>insignibus,</strong></span> <span class='ocrx_word' id='word_1_156' title='bbox 1962 2147 2054 2203; x_wconf 85' lang='lat' dir='ltr'><strong>vix</strong></span> 
     </span>
    </p>
   </div>
   <div class='ocr_carea' id='block_1_25' title="bbox 465 2238 2062 2322">
    <p class='ocr_par' dir='ltr' id='par_1_25' title="bbox 465 2238 2062 2322">
     <span class='ocr_line' id='line_1_25' title="bbox 465 2238 2062 2322; baseline 0.001 -28"><span class='ocrx_word' id='word_1_157' title='bbox 465 2238 535 2294; x_wconf 89' lang='lat' dir='ltr'><strong>de</strong></span> <span class='ocrx_word' id='word_1_158' title='bbox 555 2239 812 2296; x_wconf 86' lang='lat' dir='ltr'><strong>manibus</strong></span> <span class='ocrx_word' id='word_1_159' title='bbox 837 2241 1244 2310; x_wconf 88' lang='lat' dir='ltr'><strong>insequentium</strong></span> <span class='ocrx_word' id='word_1_160' title='bbox 1274 2241 1530 2312; x_wconf 87' lang='lat' dir='ltr'><strong>eripitur;</strong></span> <span class='ocrx_word' id='word_1_161' title='bbox 1560 2241 1748 2311; x_wconf 88' lang='lat' dir='ltr'><strong>sicque</strong></span> <span class='ocrx_word' id='word_1_162' title='bbox 1775 2255 1952 2322; x_wconf 87' lang='lat' dir='ltr'><strong>usque</strong></span> <span class='ocrx_word' id='word_1_163' title='bbox 1985 2239 2062 2296; x_wconf 85' lang='lat' dir='ltr'><strong>ad</strong></span> 
     </span>
    </p>
   </div>
   <div class='ocr_carea' id='block_1_26' title="bbox 464 2329 2052 2404">
    <p class='ocr_par' dir='ltr' id='par_1_26' title="bbox 464 2329 2052 2404">
     <span class='ocr_line' id='line_1_26' title="bbox 464 2329 2052 2404; baseline 0.001 -20"><span class='ocrx_word' id='word_1_164' title='bbox 464 2329 770 2388; x_wconf 87' lang='lat' dir='ltr'><strong>Babinberc</strong></span> <span class='ocrx_word' id='word_1_165' title='bbox 797 2332 864 2387; x_wconf 91' lang='lat' dir='ltr'><strong>de</strong></span> <span class='ocrx_word' id='word_1_166' title='bbox 905 2331 1205 2404; x_wconf 85' lang='lat' dir='ltr'><strong>Thuringia</strong></span> <span class='ocrx_word' id='word_1_167' title='bbox 1241 2333 1498 2404; x_wconf 79' lang='lat' dir='ltr'><strong>fugiendo</strong></span> <span class='ocrx_word' id='word_1_168' title='bbox 1529 2335 1745 2388; x_wconf 85' lang='lat' dir='ltr'><strong>tandem</strong></span> <span class='ocrx_word' id='word_1_169' title='bbox 1775 2333 2052 2404; x_wconf 85' lang='lat' dir='ltr'><strong>pervenit,</strong></span> 
     </span>
    </p>
   </div>
   <div class='ocr_carea' id='block_1_27' title="bbox 467 2417 2056 2494">
    <p class='ocr_par' dir='ltr' id='par_1_27' title="bbox 467 2417 2056 2494">
     <span class='ocr_line' id='line_1_27' title="bbox 467 2417 2056 2494; baseline 0.003 -22"><span class='ocrx_word' id='word_1_170' title='bbox 467 2417 655 2488; x_wconf 85' lang='lat' dir='ltr'><strong>ibique</strong></span> <span class='ocrx_word' id='word_1_171' title='bbox 712 2420 979 2492; x_wconf 78' lang='lat' dir='ltr'><strong>inglorius</strong></span> <span class='ocrx_word' id='word_1_172' title='bbox 1033 2422 1415 2477; x_wconf 84' lang='lat' dir='ltr'><strong>sollemnizare</strong></span> <span class='ocrx_word' id='word_1_173' title='bbox 1468 2422 1831 2492; x_wconf 83' lang='lat' dir='ltr'><strong>compellitur.</strong></span> <span class='ocrx_word' id='word_1_174' title='bbox 1883 2421 2056 2494; x_wconf 84' lang='lat' dir='ltr'><strong>Egge—</strong></span> 
     </span>
    </p>
   </div>
   <div class='ocr_carea' id='block_1_28' title="bbox 465 2508 2058 2590">
    <p class='ocr_par' dir='ltr' id='par_1_28' title="bbox 465 2508 2058 2590">
     <span class='ocr_line' id='line_1_28' title="bbox 465 2508 2058 2590; baseline 0.003 -27"><span class='ocrx_word' id='word_1_175' title='bbox 465 2508 656 2566; x_wconf 88' lang='lat' dir='ltr'><strong>bertus</strong></span> <span class='ocrx_word' id='word_1_176' title='bbox 679 2519 862 2568; x_wconf 87' lang='lat' dir='ltr'><strong>autem</strong></span> <span class='ocrx_word' id='word_1_177' title='bbox 891 2513 1138 2568; x_wconf 89' lang='lat' dir='ltr'><strong>marchio</strong></span> <span class='ocrx_word' id='word_1_178' title='bbox 1163 2514 1388 2569; x_wconf 91' lang='lat' dir='ltr'><strong>castello</strong></span> <span class='ocrx_word' id='word_1_179' title='bbox 1419 2530 1520 2570; x_wconf 92' lang='lat' dir='ltr'><strong>suo</strong></span> <span class='ocrx_word' id='word_1_180' title='bbox 1553 2521 1608 2569; x_wconf 91' lang='lat' dir='ltr'><strong>et</strong></span> <span class='ocrx_word' id='word_1_181' title='bbox 1635 2513 1836 2590; x_wconf 78' lang='lat' dir='ltr'><strong>castris</strong></span> <span class='ocrx_word' id='word_1_182' title='bbox 1874 2513 2058 2568; x_wconf 87' lang='lat' dir='ltr'><strong>inimi-</strong></span> 
     </span>
    </p>
   </div>
   <div class='ocr_carea' id='block_1_29' title="bbox 464 2605 2058 2676">
    <p class='ocr_par' dir='ltr' id='par_1_29' title="bbox 464 2605 2058 2676">
     <span class='ocr_line' id='line_1_29' title="bbox 464 2605 2058 2676; baseline 0 -17"><span class='ocrx_word' id='word_1_183' title='bbox 464 2618 658 2659; x_wconf 89' lang='lat' dir='ltr'><strong>corum</strong></span> <span class='ocrx_word' id='word_1_184' title='bbox 687 2619 825 2674; x_wconf 89' lang='lat' dir='ltr'><strong>pene</strong></span> <span class='ocrx_word' id='word_1_185' title='bbox 853 2605 1061 2676; x_wconf 89' lang='lat' dir='ltr'><strong>absque</strong></span> <span class='ocrx_word' id='word_1_186' title='bbox 1088 2605 1353 2676; x_wconf 82' lang='lat' dir='ltr'><strong>sanguine</strong></span> <span class='ocrx_word' id='word_1_187' title='bbox 1381 2607 1608 2676; x_wconf 87' lang='lat' dir='ltr'><strong>potitus,</strong></span> <span class='ocrx_word' id='word_1_188' title='bbox 1641 2606 1814 2676; x_wconf 89' lang='lat' dir='ltr'><strong>captis</strong></span> <span class='ocrx_word' id='word_1_189' title='bbox 1841 2620 2058 2676; x_wconf 90' lang='lat' dir='ltr'><strong>quoque</strong></span> 
     </span>
    </p>
   </div>
   <div class='ocr_carea' id='block_1_30' title="bbox 464 2686 2057 2768">
    <p class='ocr_par' dir='ltr' id='par_1_30' title="bbox 464 2686 2057 2768">
     <span class='ocr_line' id='line_1_30' title="bbox 464 2686 2057 2768; baseline 0.002 -19"><span class='ocrx_word' id='word_1_190' title='bbox 464 2686 716 2765; x_wconf 75' lang='lat' dir='ltr'><strong>pluribus</strong></span> <span class='ocrx_word' id='word_1_191' title='bbox 735 2705 791 2752; x_wconf 89' lang='lat' dir='ltr'><strong>et</strong></span> <span class='ocrx_word' id='word_1_192' title='bbox 817 2697 1036 2764; x_wconf 88' lang='lat' dir='ltr'><strong>occisis,</strong></span> <span class='ocrx_word' id='word_1_193' title='bbox 1059 2697 1357 2768; x_wconf 84' lang='lat' dir='ltr'><strong>gratiarum</strong></span> <span class='ocrx_word' id='word_1_194' title='bbox 1381 2699 1626 2755; x_wconf 88' lang='lat' dir='ltr'><strong>actiones</strong></span> <span class='ocrx_word' id='word_1_195' title='bbox 1648 2697 1760 2753; x_wconf 89' lang='lat' dir='ltr'><strong>Deo</strong></span> <span class='ocrx_word' id='word_1_196' title='bbox 1783 2706 1838 2752; x_wconf 92' lang='lat' dir='ltr'><strong>et</strong></span> <span class='ocrx_word' id='word_1_197' title='bbox 1865 2705 2057 2752; x_wconf 87' lang='lat' dir='ltr'><strong>sancto</strong></span> 
     </span>
    </p>
   </div>
   <div class='ocr_carea' id='block_1_31' title="bbox 466 2775 2060 2860">
    <p class='ocr_par' dir='ltr' id='par_1_31' title="bbox 466 2775 2060 2860">
     <span class='ocr_line' id='line_1_31' title="bbox 466 2775 2060 2860; baseline 0.002 -19"><span class='ocrx_word' id='word_1_198' title='bbox 466 2787 632 2844; x_wconf 85' lang='lat' dir='ltr'><strong>Petro</strong></span> <span class='ocrx_word' id='word_1_199' title='bbox 657 2788 862 2844; x_wconf 84' lang='lat' dir='ltr'><strong>referre</strong></span> <span class='ocrx_word' id='word_1_200' title='bbox 892 2804 1002 2844; x_wconf 91' lang='lat' dir='ltr'><strong>non</strong></span> <span class='ocrx_word' id='word_1_201' title='bbox 1031 2790 1284 2858; x_wconf 84' lang='lat' dir='ltr'><strong>cessavit,</strong></span> <span class='ocrx_word' id='word_1_202' title='bbox 1314 2791 1515 2860; x_wconf 87' lang='lat' dir='ltr'><strong>quibus</strong></span> <span class='ocrx_word' id='word_1_203' title='bbox 1537 2789 1606 2822; x_wconf 69' lang='lat'><strong>“’7</strong></span> <span class='ocrx_word' id='word_1_204' title='bbox 1635 2798 1692 2845; x_wconf 88' lang='lat' dir='ltr'><strong>et</strong></span> <span class='ocrx_word' id='word_1_205' title='bbox 1718 2805 1777 2845; x_wconf 89' lang='lat' dir='ltr'><strong>se</strong></span> <span class='ocrx_word' id='word_1_206' title='bbox 1803 2775 2060 2859; x_wconf 88' lang='lat' dir='ltr'><strong>deinceps</strong></span> 
     </span>
    </p>
   </div>
   <div class='ocr_carea' id='block_1_32' title="bbox 465 2880 2062 2950">
    <p class='ocr_par' dir='ltr' id='par_1_32' title="bbox 465 2880 2062 2950">
     <span class='ocr_line' id='line_1_32' title="bbox 465 2880 2062 2950; baseline 0 -16"><span class='ocrx_word' id='word_1_207' title='bbox 465 2881 681 2950; x_wconf 88' lang='lat' dir='ltr'><strong>puriori</strong></span> <span class='ocrx_word' id='word_1_208' title='bbox 702 2881 960 2936; x_wconf 76' lang='lat' dir='ltr'><strong>fidelitate</strong></span> <span class='ocrx_word' id='word_1_209' title='bbox 987 2881 1320 2936; x_wconf 85' lang='lat' dir='ltr'><strong>adbesurum</strong></span> <span class='ocrx_word' id='word_1_210' title='bbox 1349 2881 1658 2938; x_wconf 86' lang='lat' dir='ltr'><strong>destinavit.</strong></span> <span class='ocrx_word' id='word_1_211' title='bbox 1683 2880 2062 2936; x_wconf 84' lang='lat' dir='ltr'><strong>Hcremannus</strong></span> 
     </span>
    </p>
   </div>
   <div class='ocr_carea' id='block_1_33' title="bbox 469 2971 2057 3044">
    <p class='ocr_par' dir='ltr' id='par_1_33' title="bbox 469 2971 2057 3044">
     <span class='ocr_line' id='line_1_33' title="bbox 469 2971 2057 3044; baseline 0.001 -20"><span class='ocrx_word' id='word_1_212' title='bbox 469 2971 729 3028; x_wconf 78' lang='lat' dir='ltr'><strong>Metensis</strong></span> <span class='ocrx_word' id='word_1_213' title='bbox 773 2973 1062 3044; x_wconf 89' lang='lat' dir='ltr'><strong>episcopus</strong></span> <span class='ocrx_word' id='word_1_214' title='bbox 1091 2982 1257 3043; x_wconf 88' lang='lat' dir='ltr'><strong>atque</strong></span> <span class='ocrx_word' id='word_1_215' title='bbox 1285 2973 1621 3040; x_wconf 88' lang='lat' dir='ltr'><strong>catholicus,</strong></span> <span class='ocrx_word' id='word_1_216' title='bbox 1673 2982 1798 3043; x_wconf 90' lang='lat' dir='ltr'><strong>post</strong></span> <span class='ocrx_word' id='word_1_217' title='bbox 1837 2973 2057 3043; x_wconf 79' lang='lat' dir='ltr'><strong>longam</strong></span> 
     </span>
    </p>
   </div>
   <div class='ocr_carea' id='block_1_34' title="bbox 471 3061 2056 3136">
    <p class='ocr_par' dir='ltr' id='par_1_34' title="bbox 471 3061 2056 3136">
     <span class='ocr_line' id='line_1_34' title="bbox 471 3061 2056 3136; baseline 0.001 -19"><span class='ocrx_word' id='word_1_218' title='bbox 471 3061 781 3134; x_wconf 60' lang='lat' dir='ltr'><strong>capionem</strong></span> <span class='ocrx_word' id='word_1_219' title='bbox 827 3065 894 3120; x_wconf 89' lang='lat' dir='ltr'><strong>ad</strong></span> <span class='ocrx_word' id='word_1_220' title='bbox 941 3065 1316 3136; x_wconf 87' lang='lat' dir='ltr'><strong>episcopatum</strong></span> <span class='ocrx_word' id='word_1_221' title='bbox 1360 3080 1519 3120; x_wconf 91' lang='lat' dir='ltr'><strong>suum</strong></span> <span class='ocrx_word' id='word_1_222' title='bbox 1571 3065 1878 3131; x_wconf 76' lang='lat' dir='ltr'><strong>revertitur,</strong></span> <span class='ocrx_word' id='word_1_223' title='bbox 1929 3073 1982 3118; x_wconf 88' lang='lat' dir='ltr'><strong>et</strong></span> <span class='ocrx_word' id='word_1_224' title='bbox 2027 3081 2056 3119; x_wconf 91' lang='lat' dir='ltr'><strong>a</strong></span> 
     </span>
    </p>
   </div>
   <div class='ocr_carea' id='block_1_35' title="bbox 471 3159 2057 3234">
    <p class='ocr_par' dir='ltr' id='par_1_35' title="bbox 471 3159 2057 3234">
     <span class='ocr_line' id='line_1_35' title="bbox 471 3159 2057 3234; baseline -0.003 -18"><span class='ocrx_word' id='word_1_225' title='bbox 471 3161 661 3219; x_wconf 85' lang='lat' dir='ltr'><strong>multis</strong></span> <span class='ocrx_word' id='word_1_226' title='bbox 687 3167 964 3234; x_wconf 80' lang='lat' dir='ltr'><strong>gratanter</strong></span> <span class='ocrx_word' id='word_1_227' title='bbox 1009 3162 1304 3232; x_wconf 89' lang='lat' dir='ltr'><strong>recipitur;</strong></span> <span class='ocrx_word' id='word_1_228' title='bbox 1345 3159 1530 3216; x_wconf 89' lang='lat' dir='ltr'><strong>Bruno</strong></span> <span class='ocrx_word' id='word_1_229' title='bbox 1577 3171 1782 3227; x_wconf 89' lang='lat' dir='ltr'><strong>autem,</strong></span> <span class='ocrx_word' id='word_1_230' title='bbox 1813 3161 2057 3230; x_wconf 77' lang='lat' dir='ltr'><strong>ejusdem</strong></span> 
     </span>
    </p>
   </div>
   <div class='ocr_carea' id='block_1_36' title="bbox 473 3251 2058 3325">
    <p class='ocr_par' dir='ltr' id='par_1_36' title="bbox 473 3251 2058 3325">
     <span class='ocr_line' id='line_1_36' title="bbox 473 3251 2058 3325; baseline -0.002 -17"><span class='ocrx_word' id='word_1_231' title='bbox 473 3255 819 3325; x_wconf 84' lang='lat' dir='ltr'><strong>episcopatus</strong></span> <span class='ocrx_word' id='word_1_232' title='bbox 847 3255 1169 3310; x_wconf 86' lang='lat' dir='ltr'><strong>temerarius</strong></span> <span class='ocrx_word' id='word_1_233' title='bbox 1205 3253 1446 3320; x_wconf 85' lang='lat' dir='ltr'><strong>invasor,</strong></span> <span class='ocrx_word' id='word_1_234' title='bbox 1493 3252 1564 3308; x_wconf 87' lang='lat' dir='ltr'><strong>ab</strong></span> <span class='ocrx_word' id='word_1_235' title='bbox 1592 3252 1848 3308; x_wconf 88' lang='lat' dir='ltr'><strong>omnibus</strong></span> <span class='ocrx_word' id='word_1_236' title='bbox 1875 3251 2058 3321; x_wconf 87' lang='lat' dir='ltr'><strong>despi-</strong></span> 
     </span>
    </p>
   </div>
   <div class='ocr_carea' id='block_1_37' title="bbox 475 3344 2061 3419">
    <p class='ocr_par' dir='ltr' id='par_1_37' title="bbox 475 3344 2061 3419">
     <span class='ocr_line' id='line_1_37' title="bbox 475 3344 2061 3419; baseline -0.003 -16"><span class='ocrx_word' id='word_1_237' title='bbox 475 3349 636 3403; x_wconf 86' lang='lat' dir='ltr'><strong>citur.</strong></span> <span class='ocrx_word' id='word_1_238' title='bbox 669 3346 807 3404; x_wconf 86' lang='lat' dir='ltr'><strong>Nam</strong></span> <span class='ocrx_word' id='word_1_239' title='bbox 856 3355 912 3404; x_wconf 89' lang='lat' dir='ltr'><strong>et</strong></span> <span class='ocrx_word' id='word_1_240' title='bbox 940 3347 1044 3419; x_wconf 89' lang='lat' dir='ltr'><strong>ipsi</strong></span> <span class='ocrx_word' id='word_1_241' title='bbox 1072 3346 1329 3403; x_wconf 85' lang='lat' dir='ltr'><strong>Heinrico</strong></span> <span class='ocrx_word' id='word_1_242' title='bbox 1378 3362 1479 3418; x_wconf 91' lang='lat' dir='ltr'><strong>pro</strong></span> <span class='ocrx_word' id='word_1_243' title='bbox 1508 3346 1846 3417; x_wconf 88' lang='lat' dir='ltr'><strong>turpissimis</strong></span> <span class='ocrx_word' id='word_1_244' title='bbox 1890 3344 2061 3400; x_wconf 84' lang='lat' dir='ltr'><strong>mori—</strong></span> 
     </span>
    </p>
   </div>
   <div class='ocr_carea' id='block_1_38' title="bbox 471 3439 2060 3510">
    <p class='ocr_par' dir='ltr' id='par_1_38' title="bbox 471 3439 2060 3510">
     <span class='ocr_line' id='line_1_38' title="bbox 471 3439 2060 3510; baseline 0 -17"><span class='ocrx_word' id='word_1_245' title='bbox 471 3439 579 3495; x_wconf 87' lang='lat' dir='ltr'><strong>bus</strong></span> <span class='ocrx_word' id='word_1_246' title='bbox 604 3439 789 3510; x_wconf 74' lang='grc'>(1569)</span> <span class='ocrx_word' id='word_1_247' title='bbox 818 3441 936 3496; x_wconf 89' lang='lat' dir='ltr'><strong>suis</strong></span> <span class='ocrx_word' id='word_1_248' title='bbox 961 3442 1195 3496; x_wconf 89' lang='lat' dir='ltr'><strong>multum</strong></span> <span class='ocrx_word' id='word_1_249' title='bbox 1222 3439 1517 3510; x_wconf 88' lang='lat' dir='ltr'><strong>displicuit,</strong></span> <span class='ocrx_word' id='word_1_250' title='bbox 1547 3439 1674 3495; x_wconf 91' lang='lat' dir='ltr'><strong>licet</strong></span> <span class='ocrx_word' id='word_1_251' title='bbox 1701 3439 1751 3494; x_wconf 89' lang='lat' dir='ltr'><strong>ei</strong></span> <span class='ocrx_word' id='word_1_252' title='bbox 1781 3439 2060 3510; x_wconf 87' lang='lat' dir='ltr'><strong>quondam</strong></span> 
     </span>
    </p>
   </div>
   <div class='ocr_carea' id='block_1_39' title="bbox 475 3529 2058 3602">
    <p class='ocr_par' dir='ltr' id='par_1_39' title="bbox 475 3529 2058 3602">
     <span class='ocr_line' id='line_1_39' title="bbox 475 3529 2058 3602; baseline 0.001 -19"><span class='ocrx_word' id='word_1_253' title='bbox 475 3531 710 3585; x_wconf 79' lang='lat' dir='ltr'><strong>eundem</strong></span> <span class='ocrx_word' id='word_1_254' title='bbox 737 3532 1111 3602; x_wconf 89' lang='lat' dir='ltr'><strong>episcopatum</strong></span> <span class='ocrx_word' id='word_1_255' title='bbox 1136 3531 1442 3587; x_wconf 85' lang='lat' dir='ltr'><strong>vendiderit</strong></span> <span class='ocrx_word' id='word_1_256' title='bbox 1467 3532 1558 3586; x_wconf 57' lang='grc' dir='ltr'><strong>ινδ.</strong></span> <span class='ocrx_word' id='word_1_257' title='bbox 1606 3529 1722 3586; x_wconf 85' lang='lat' dir='ltr'><strong>Hac</strong></span> <span class='ocrx_word' id='word_1_258' title='bbox 1761 3531 1928 3602; x_wconf 79' lang='lat' dir='ltr'><strong>igitur</strong></span> <span class='ocrx_word' id='word_1_259' title='bbox 1959 3545 2058 3584; x_wconf 93' lang='lat' dir='ltr'><strong>ne-</strong></span> 
     </span>
    </p>
   </div>
   <div class='ocr_carea' id='block_1_40' title="bbox 478 3621 2062 3692">
    <p class='ocr_par' dir='ltr' id='par_1_40' title="bbox 478 3621 2062 3692">
     <span class='ocr_line' id='line_1_40' title="bbox 478 3621 2062 3692; baseline 0.002 -18"><span class='ocrx_word' id='word_1_260' title='bbox 478 3621 736 3677; x_wconf 89' lang='lat' dir='ltr'><strong>cessitate</strong></span> <span class='ocrx_word' id='word_1_261' title='bbox 762 3621 904 3678; x_wconf 87' lang='lat' dir='ltr'><strong>idem</strong></span> <span class='ocrx_word' id='word_1_262' title='bbox 953 3622 1138 3678; x_wconf 85' lang='lat' dir='ltr'><strong>Bruno</strong></span> <span class='ocrx_word' id='word_1_263' title='bbox 1181 3623 1534 3688; x_wconf 88' lang='lat' dir='ltr'><strong>constrictus,</strong></span> <span class='ocrx_word' id='word_1_264' title='bbox 1572 3623 1948 3692; x_wconf 89' lang='lat' dir='ltr'><strong>episcopatum</strong></span> <span class='ocrx_word' id='word_1_265' title='bbox 1977 3622 2062 3677; x_wconf 87' lang='lat' dir='ltr'><strong>di-</strong></span> 
     </span>
    </p>
   </div>
   <div class='ocr_carea' id='block_1_41' title="bbox 478 3711 2059 3784">
    <p class='ocr_par' dir='ltr' id='par_1_41' title="bbox 478 3711 2059 3784">
     <span class='ocr_line' id='line_1_41' title="bbox 478 3711 2059 3784; baseline 0.003 -20"><span class='ocrx_word' id='word_1_266' title='bbox 478 3711 715 3779; x_wconf 86' lang='lat' dir='ltr'><strong>mittere,</strong></span> <span class='ocrx_word' id='word_1_267' title='bbox 746 3721 802 3768; x_wconf 90' lang='lat' dir='ltr'><strong>et</strong></span> <span class='ocrx_word' id='word_1_268' title='bbox 829 3714 897 3768; x_wconf 87' lang='lat' dir='ltr'><strong>ad</strong></span> <span class='ocrx_word' id='word_1_269' title='bbox 943 3721 1150 3784; x_wconf 79' lang='lat' dir='ltr'><strong>patrem</strong></span> <span class='ocrx_word' id='word_1_270' title='bbox 1199 3729 1360 3770; x_wconf 86' lang='lat' dir='ltr'><strong>suum</strong></span> <span class='ocrx_word' id='word_1_271' title='bbox 1406 3713 1758 3769; x_wconf 85' lang='lat' dir='ltr'><strong>Adalbertum</strong></span> <span class='ocrx_word' id='word_1_272' title='bbox 1805 3713 2059 3770; x_wconf 88' lang='lat' dir='ltr'><strong>comitem</strong></span> 
     </span>
    </p>
   </div>
   <div class='ocr_carea' id='block_1_42' title="bbox 478 3803 2059 3876">
    <p class='ocr_par' dir='ltr' id='par_1_42' title="bbox 478 3803 2059 3876">
     <span class='ocr_line' id='line_1_42' title="bbox 478 3803 2059 3876; baseline 0.003 -20"><span class='ocrx_word' id='word_1_273' title='bbox 478 3803 534 3856; x_wconf 91' lang='lat' dir='ltr'><strong>in</strong></span> <span class='ocrx_word' id='word_1_274' title='bbox 561 3803 954 3860; x_wconf 87' lang='lat' dir='ltr'><strong>catholicorum</strong></span> <span class='ocrx_word' id='word_1_275' title='bbox 984 3814 1196 3875; x_wconf 89' lang='lat' dir='ltr'><strong>partem</strong></span> <span class='ocrx_word' id='word_1_276' title='bbox 1220 3806 1480 3876; x_wconf 89' lang='lat' dir='ltr'><strong>repedare</strong></span> <span class='ocrx_word' id='word_1_277' title='bbox 1501 3806 1858 3876; x_wconf 89' lang='lat' dir='ltr'><strong>compellitur.</strong></span> <span class='ocrx_word' id='word_1_278' title='bbox 1892 3804 2059 3860; x_wconf 92' lang='lat' dir='ltr'><strong>Dom-</strong></span> 
     </span>
    </p>
   </div>
   <div class='ocr_carea' id='block_1_43' title="bbox 477 3895 2057 3968">
    <p class='ocr_par' dir='ltr' id='par_1_43' title="bbox 477 3895 2057 3968">
     <span class='ocr_line' id='line_1_43' title="bbox 477 3895 2057 3968; baseline 0.003 -20"><span class='ocrx_word' id='word_1_279' title='bbox 477 3909 585 3950; x_wconf 90' lang='lat' dir='ltr'><strong>nus</strong></span> <span class='ocrx_word' id='word_1_280' title='bbox 619 3911 758 3966; x_wconf 90' lang='lat' dir='ltr'><strong>papa</strong></span> <span class='ocrx_word' id='word_1_281' title='bbox 789 3895 1044 3954; x_wconf 87' lang='lat' dir='ltr'><strong>Urbanus</strong></span> <span class='ocrx_word' id='word_1_282' title='bbox 1072 3897 1161 3954; x_wconf 89' lang='lat' dir='ltr'><strong>bis</strong></span> <span class='ocrx_word' id='word_1_283' title='bbox 1199 3899 1536 3968; x_wconf 87' lang='lat' dir='ltr'><strong>temporibus</strong></span> <span class='ocrx_word' id='word_1_284' title='bbox 1566 3897 1754 3954; x_wconf 59' lang='lat' dir='ltr'><strong>Romae</strong></span> <span class='ocrx_word' id='word_1_285' title='bbox 1797 3898 1853 3952; x_wconf 92' lang='lat' dir='ltr'><strong>in</strong></span> <span class='ocrx_word' id='word_1_286' title='bbox 1881 3898 2057 3952; x_wconf 87' lang='lat' dir='ltr'><strong>insula</strong></span> 
     </span>
    </p>
   </div>
   <div class='ocr_carea' id='block_1_44' title="bbox 478 3987 2061 4060">
    <p class='ocr_par' dir='ltr' id='par_1_44' title="bbox 478 3987 2061 4060">
     <span class='ocr_line' id='line_1_44' title="bbox 478 3987 2061 4060; baseline 0.001 -18"><span class='ocrx_word' id='word_1_287' title='bbox 478 4001 602 4057; x_wconf 79' lang='lat' dir='ltr'><strong>quae</strong></span> <span class='ocrx_word' id='word_1_288' title='bbox 628 3987 770 4042; x_wconf 89' lang='lat' dir='ltr'><strong>inter</strong></span> <span class='ocrx_word' id='word_1_289' title='bbox 796 3989 936 4044; x_wconf 91' lang='lat' dir='ltr'><strong>duos</strong></span> <span class='ocrx_word' id='word_1_290' title='bbox 965 3997 1161 4060; x_wconf 88' lang='lat' dir='ltr'><strong>pontes</strong></span> <span class='ocrx_word' id='word_1_291' title='bbox 1189 3990 1294 4046; x_wconf 86' lang='lat' dir='ltr'><strong>sita</strong></span> <span class='ocrx_word' id='word_1_292' title='bbox 1320 3999 1404 4046; x_wconf 90' lang='lat' dir='ltr'><strong>est</strong></span> <span class='ocrx_word' id='word_1_293' title='bbox 1445 3992 1789 4058; x_wconf 86' lang='lat' dir='ltr'><strong>morabatur,</strong></span> <span class='ocrx_word' id='word_1_294' title='bbox 1817 3991 2061 4046; x_wconf 84' lang='lat' dir='ltr'><strong>decreta-</strong></span> 
     </span>
    </p>
   </div>
   <div class='ocr_carea' id='block_1_45' title="bbox 474 4064 2061 4153">
    <p class='ocr_par' dir='ltr' id='par_1_45' title="bbox 474 4064 2061 4153">
     <span class='ocr_line' id='line_1_45' title="bbox 474 4064 2061 4153; baseline 0.003 -22"><span class='ocrx_word' id='word_1_295' title='bbox 474 4077 693 4150; x_wconf 90' lang='lat' dir='ltr'><strong>lemque</strong></span> <span class='ocrx_word' id='word_1_296' title='bbox 713 4064 997 4150; x_wconf 72' lang='lat' dir='ltr'><strong>epistolam</strong></span> <span class='ocrx_word' id='word_1_297' title='bbox 1036 4080 1220 4153; x_wconf 78' lang='grc'>(1370)</span> <span class='ocrx_word' id='word_1_298' title='bbox 1250 4083 1544 4138; x_wconf 87' lang='lat' dir='ltr'><strong>venerabili</strong></span> <span class='ocrx_word' id='word_1_299' title='bbox 1567 4083 1887 4138; x_wconf 87' lang='lat' dir='ltr'><strong>Gebebardo</strong></span> <span class='ocrx_word' id='word_1_300' title='bbox 1916 4081 2061 4138; x_wconf 89' lang='lat' dir='ltr'><strong>Con-</strong></span> 
     </span>
    </p>
   </div>
   <div class='ocr_carea' id='block_1_46' title="bbox 477 4171 2060 4245">
    <p class='ocr_par' dir='ltr' id='par_1_46' title="bbox 477 4171 2060 4245">
     <span class='ocr_line' id='line_1_46' title="bbox 477 4171 2060 4245; baseline 0.003 -22"><span class='ocrx_word' id='word_1_301' title='bbox 477 4171 769 4226; x_wconf 86' lang='lat' dir='ltr'><strong>stantiensi</strong></span> <span class='ocrx_word' id='word_1_302' title='bbox 801 4173 1058 4244; x_wconf 90' lang='lat' dir='ltr'><strong>episeopo</strong></span> <span class='ocrx_word' id='word_1_303' title='bbox 1095 4175 1182 4230; x_wconf 71' lang='grc'>14.</span> <span class='ocrx_word' id='word_1_304' title='bbox 1221 4173 1340 4230; x_wconf 83' lang='lat' dir='ltr'><strong>Kal.</strong></span> <span class='ocrx_word' id='word_1_305' title='bbox 1373 4174 1499 4230; x_wconf 87' lang='lat' dir='ltr'><strong>Maii</strong></span> <span class='ocrx_word' id='word_1_306' title='bbox 1526 4175 1748 4242; x_wconf 76' lang='lat' dir='ltr'><strong>direxit,</strong></span> <span class='ocrx_word' id='word_1_307' title='bbox 1787 4175 1843 4229; x_wconf 91' lang='lat' dir='ltr'><strong>in</strong></span> <span class='ocrx_word' id='word_1_308' title='bbox 1875 4189 1983 4245; x_wconf 87' lang='lat' dir='ltr'><strong>qua</strong></span> <span class='ocrx_word' id='word_1_309' title='bbox 2009 4174 2060 4229; x_wconf 93' lang='lat' dir='ltr'><strong>ei</strong></span> 
     </span>
    </p>
   </div>
   <div class='ocr_carea' id='block_1_47' title="bbox 475 4261 2060 4338">
    <p class='ocr_par' dir='ltr' id='par_1_47' title="bbox 475 4261 2060 4338">
     <span class='ocr_line' id='line_1_47' title="bbox 475 4261 2060 4338; baseline 0.004 -24"><span class='ocrx_word' id='word_1_310' title='bbox 475 4261 839 4332; x_wconf 88' lang='lat' dir='ltr'><strong>episcopalem</strong></span> <span class='ocrx_word' id='word_1_311' title='bbox 881 4272 1207 4334; x_wconf 81' lang='lat' dir='ltr'><strong>potestatem</strong></span> <span class='ocrx_word' id='word_1_312' title='bbox 1261 4282 1426 4338; x_wconf 90' lang='lat' dir='ltr'><strong>super</strong></span> <span class='ocrx_word' id='word_1_313' title='bbox 1467 4267 1672 4322; x_wconf 91' lang='lat' dir='ltr'><strong>clerum</strong></span> <span class='ocrx_word' id='word_1_314' title='bbox 1711 4273 1765 4322; x_wconf 91' lang='lat' dir='ltr'><strong>et</strong></span> <span class='ocrx_word' id='word_1_315' title='bbox 1799 4267 2060 4337; x_wconf 84' lang='lat' dir='ltr'><strong>populum</strong></span> 
     </span>
    </p>
   </div>
   <div class='ocr_carea' id='block_1_48' title="bbox 2145 409 3725 480">
    <p class='ocr_par' dir='ltr' id='par_1_48' title="bbox 2145 409 3725 480">
     <span class='ocr_line' id='line_1_48' title="bbox 2145 409 3725 480; baseline 0 -15"><span class='ocrx_word' id='word_1_316' title='bbox 2145 419 2257 466; x_wconf 89' lang='lat' dir='ltr'><strong>tota</strong></span> <span class='ocrx_word' id='word_1_317' title='bbox 2302 411 2658 480; x_wconf 87' lang='lat' dir='ltr'><strong>Alemannia,</strong></span> <span class='ocrx_word' id='word_1_318' title='bbox 2706 413 2990 480; x_wconf 86' lang='lat' dir='ltr'><strong>Baioaria,</strong></span> <span class='ocrx_word' id='word_1_319' title='bbox 3040 411 3280 468; x_wconf 76' lang='lat' dir='ltr'><strong>Saxonis</strong></span> <span class='ocrx_word' id='word_1_320' title='bbox 3327 421 3385 466; x_wconf 83' lang='lat' dir='ltr'><strong>et</strong></span> <span class='ocrx_word' id='word_1_321' title='bbox 3432 409 3560 466; x_wconf 85' lang='lat' dir='ltr'><strong>aliis</strong></span> <span class='ocrx_word' id='word_1_322' title='bbox 3594 410 3725 465; x_wconf 75' lang='lat' dir='ltr'><strong>vid-</strong></span> 
     </span>
    </p>
   </div>
   <div class='ocr_carea' id='block_1_49' title="bbox 2143 501 3724 576">
    <p class='ocr_par' dir='ltr' id='par_1_49' title="bbox 2143 501 3724 576">
     <span class='ocr_line' id='line_1_49' title="bbox 2143 501 3724 576; baseline -0.002 -19"><span class='ocrx_word' id='word_1_323' title='bbox 2143 503 2232 558; x_wconf 90' lang='lat' dir='ltr'><strong>nis</strong></span> <span class='ocrx_word' id='word_1_324' title='bbox 2265 503 2603 574; x_wconf 76' lang='lat' dir='ltr'><strong>regionibus,</strong></span> <span class='ocrx_word' id='word_1_325' title='bbox 2645 506 2902 576; x_wconf 72' lang='lat' dir='ltr'><strong>praedicto</strong></span> <span class='ocrx_word' id='word_1_326' title='bbox 2944 505 3014 538; x_wconf 78' lang='lat'><strong>“&#39;</strong></span> <span class='ocrx_word' id='word_1_327' title='bbox 3039 504 3314 574; x_wconf 85' lang='lat' dir='ltr'><strong>episeopo,</strong></span> <span class='ocrx_word' id='word_1_328' title='bbox 3343 511 3400 558; x_wconf 89' lang='lat' dir='ltr'><strong>et</strong></span> <span class='ocrx_word' id='word_1_329' title='bbox 3429 501 3724 558; x_wconf 81' lang='lat' dir='ltr'><strong>venerabili</strong></span> 
     </span>
    </p>
   </div>
   <div class='ocr_carea' id='block_1_50' title="bbox 2144 593 3726 668">
    <p class='ocr_par' dir='ltr' id='par_1_50' title="bbox 2144 593 3726 668">
     <span class='ocr_line' id='line_1_50' title="bbox 2144 593 3726 668; baseline 0.002 -21"><span class='ocrx_word' id='word_1_330' title='bbox 2144 593 2414 651; x_wconf 82' lang='lat' dir='ltr'><strong>Almanno</strong></span> <span class='ocrx_word' id='word_1_331' title='bbox 2459 593 2769 656; x_wconf 81' lang='lat' dir='ltr'><strong>Pataviensi</strong></span> <span class='ocrx_word' id='word_1_332' title='bbox 2813 596 3102 668; x_wconf 88' lang='lat' dir='ltr'><strong>episcopo,</strong></span> <span class='ocrx_word' id='word_1_333' title='bbox 3151 595 3329 651; x_wconf 83' lang='lat' dir='ltr'><strong>vicem</strong></span> <span class='ocrx_word' id='word_1_334' title='bbox 3381 609 3543 649; x_wconf 81' lang='lat' dir='ltr'><strong>suam</strong></span> <span class='ocrx_word' id='word_1_335' title='bbox 3577 609 3726 650; x_wconf 85' lang='lat' dir='ltr'><strong>com-</strong></span> 
     </span>
    </p>
   </div>
   <div class='ocr_carea' id='block_1_51' title="bbox 2145 686 3724 758">
    <p class='ocr_par' dir='ltr' id='par_1_51' title="bbox 2145 686 3724 758">
     <span class='ocr_line' id='line_1_51' title="bbox 2145 686 3724 758; baseline 0 -18"><span class='ocrx_word' id='word_1_336' title='bbox 2145 686 2293 743; x_wconf 90' lang='lat' dir='ltr'><strong>misit</strong></span> <span class='ocrx_word' id='word_1_337' title='bbox 2307 728 2337 753; x_wconf 88' lang='lat'><strong>,_</strong></span> <span class='ocrx_word' id='word_1_338' title='bbox 2375 696 2436 742; x_wconf 92' lang='lat' dir='ltr'><strong>ut</strong></span> <span class='ocrx_word' id='word_1_339' title='bbox 2476 688 2849 746; x_wconf 83' lang='lat' dir='ltr'><strong>ordinationes</strong></span> <span class='ocrx_word' id='word_1_340' title='bbox 2897 687 3282 758; x_wconf 87' lang='lat' dir='ltr'><strong>improbandas</strong></span> <span class='ocrx_word' id='word_1_341' title='bbox 3317 686 3724 756; x_wconf 86' lang='lat' dir='ltr'><strong>improbarent,</strong></span> 
     </span>
    </p>
   </div>
   <div class='ocr_carea' id='block_1_52' title="bbox 2145 777 3730 848">
    <p class='ocr_par' dir='ltr' id='par_1_52' title="bbox 2145 777 3730 848">
     <span class='ocr_line' id='line_1_52' title="bbox 2145 777 3730 848; baseline -0.001 -15"><span class='ocrx_word' id='word_1_342' title='bbox 2145 778 2482 836; x_wconf 85' lang='lat' dir='ltr'><strong>roborandas</strong></span> <span class='ocrx_word' id='word_1_343' title='bbox 2506 780 2853 835; x_wconf 88' lang='lat' dir='ltr'><strong>roborarent.</strong></span> <span class='ocrx_word' id='word_1_344' title='bbox 2886 778 3219 834; x_wconf 87' lang='lat' dir='ltr'><strong>Sententiam</strong></span> <span class='ocrx_word' id='word_1_345' title='bbox 3247 792 3471 848; x_wconf 89' lang='lat' dir='ltr'><strong>quoque</strong></span> <span class='ocrx_word' id='word_1_346' title='bbox 3503 777 3730 832; x_wconf 80' lang='lat' dir='ltr'><strong>anathe-</strong></span> 
     </span>
    </p>
   </div>
   <div class='ocr_carea' id='block_1_53' title="bbox 2145 868 3730 942">
    <p class='ocr_par' dir='ltr' id='par_1_53' title="bbox 2145 868 3730 942">
     <span class='ocr_line' id='line_1_53' title="bbox 2145 868 3730 942; baseline -0.003 -17"><span class='ocrx_word' id='word_1_347' title='bbox 2145 871 2306 927; x_wconf 83' lang='lat' dir='ltr'><strong>matis</strong></span> <span class='ocrx_word' id='word_1_348' title='bbox 2352 885 2384 926; x_wconf 89' lang='lat' dir='ltr'><strong>a</strong></span> <span class='ocrx_word' id='word_1_349' title='bbox 2427 871 2826 942; x_wconf 66' lang='lat' dir='ltr'><strong>praedecessore</strong></span> <span class='ocrx_word' id='word_1_350' title='bbox 2865 885 2969 926; x_wconf 90' lang='lat' dir='ltr'><strong>suo</strong></span> <span class='ocrx_word' id='word_1_351' title='bbox 3007 885 3147 940; x_wconf 88' lang='lat' dir='ltr'><strong>papa</strong></span> <span class='ocrx_word' id='word_1_352' title='bbox 3178 868 3444 940; x_wconf 86' lang='lat' dir='ltr'><strong>Gregorio</strong></span> <span class='ocrx_word' id='word_1_353' title='bbox 3480 869 3730 938; x_wconf 89' lang='lat' dir='ltr'><strong>promul-</strong></span> 
     </span>
    </p>
   </div>
   <div class='ocr_carea' id='block_1_54' title="bbox 2146 960 3730 1032">
    <p class='ocr_par' dir='ltr' id='par_1_54' title="bbox 2146 960 3730 1032">
     <span class='ocr_line' id='line_1_54' title="bbox 2146 960 3730 1032; baseline 0 -18"><span class='ocrx_word' id='word_1_354' title='bbox 2146 968 2328 1032; x_wconf 77' lang='lat' dir='ltr'><strong>gatam</strong></span> <span class='ocrx_word' id='word_1_355' title='bbox 2367 974 2431 1016; x_wconf 89' lang='lat' dir='ltr'><strong>ea</strong></span> <span class='ocrx_word' id='word_1_356' title='bbox 2453 960 2784 1016; x_wconf 86' lang='lat' dir='ltr'><strong>discretione</strong></span> <span class='ocrx_word' id='word_1_357' title='bbox 2806 960 3166 1026; x_wconf 81' lang='lat' dir='ltr'><strong>conﬁrmavit,</strong></span> <span class='ocrx_word' id='word_1_358' title='bbox 3192 968 3252 1014; x_wconf 91' lang='lat' dir='ltr'><strong>ut</strong></span> <span class='ocrx_word' id='word_1_359' title='bbox 3273 960 3327 1014; x_wconf 92' lang='lat' dir='ltr'><strong>in</strong></span> <span class='ocrx_word' id='word_1_360' title='bbox 3349 960 3536 1029; x_wconf 91' lang='lat' dir='ltr'><strong>primo</strong></span> <span class='ocrx_word' id='word_1_361' title='bbox 3560 960 3730 1031; x_wconf 81' lang='lat' dir='ltr'><strong>gradu</strong></span> 
     </span>
    </p>
   </div>
   <div class='ocr_carea' id='block_1_55' title="bbox 2149 1049 3733 1122">
    <p class='ocr_par' dir='ltr' id='par_1_55' title="bbox 2149 1049 3733 1122">
     <span class='ocr_line' id='line_1_55' title="bbox 2149 1049 3733 1122; baseline 0.001 -19"><span class='ocrx_word' id='word_1_362' title='bbox 2149 1049 2517 1105; x_wconf 79' lang='lat' dir='ltr'><strong>Ravennatem</strong></span> <span class='ocrx_word' id='word_1_363' title='bbox 2553 1051 2960 1107; x_wconf 89' lang='lat' dir='ltr'><strong>beresiarcbam</strong></span> <span class='ocrx_word' id='word_1_364' title='bbox 2992 1066 3118 1106; x_wconf 89' lang='lat' dir='ltr'><strong>cum</strong></span> <span class='ocrx_word' id='word_1_365' title='bbox 3151 1049 3406 1106; x_wconf 82' lang='lat' dir='ltr'><strong>Heinrico</strong></span> <span class='ocrx_word' id='word_1_366' title='bbox 3430 1065 3561 1122; x_wconf 77' lang='lat' dir='ltr'><strong>rege</strong></span> <span class='ocrx_word' id='word_1_367' title='bbox 3603 1065 3733 1104; x_wconf 81' lang='lat' dir='ltr'><strong>ana-</strong></span> 
     </span>
    </p>
   </div>
   <div class='ocr_carea' id='block_1_56' title="bbox 2147 1141 3734 1214">
    <p class='ocr_par' dir='ltr' id='par_1_56' title="bbox 2147 1141 3734 1214">
     <span class='ocr_line' id='line_1_56' title="bbox 2147 1141 3734 1214; baseline 0.001 -19"><span class='ocrx_word' id='word_1_368' title='bbox 2147 1141 2556 1198; x_wconf 83' lang='lat' dir='ltr'><strong>thematizatum</strong></span> <span class='ocrx_word' id='word_1_369' title='bbox 2580 1142 2650 1174; x_wconf 82' lang='grc'>⁸⁰⁶</span> <span class='ocrx_word' id='word_1_370' title='bbox 2675 1151 2954 1209; x_wconf 83' lang='lat' dir='ltr'><strong>censeret;</strong></span> <span class='ocrx_word' id='word_1_371' title='bbox 2990 1143 3045 1196; x_wconf 91' lang='lat' dir='ltr'><strong>in</strong></span> <span class='ocrx_word' id='word_1_372' title='bbox 3075 1143 3318 1199; x_wconf 87' lang='lat' dir='ltr'><strong>secundo</strong></span> <span class='ocrx_word' id='word_1_373' title='bbox 3340 1142 3515 1214; x_wconf 81' lang='lat' dir='ltr'><strong>gradu</strong></span> <span class='ocrx_word' id='word_1_374' title='bbox 3540 1157 3734 1196; x_wconf 82' lang='lat' dir='ltr'><strong>eorum</strong></span> 
     </span>
    </p>
   </div>
   <div class='ocr_carea' id='block_1_57' title="bbox 2149 1232 3736 1305">
    <p class='ocr_par' dir='ltr' id='par_1_57' title="bbox 2149 1232 3736 1305">
     <span class='ocr_line' id='line_1_57' title="bbox 2149 1232 3736 1305; baseline 0.002 -19"><span class='ocrx_word' id='word_1_375' title='bbox 2149 1232 2411 1296; x_wconf 79' lang='lat' dir='ltr'><strong>fautores,</strong></span> <span class='ocrx_word' id='word_1_376' title='bbox 2443 1232 2539 1302; x_wconf 89' lang='lat' dir='ltr'><strong>qui</strong></span> <span class='ocrx_word' id='word_1_377' title='bbox 2568 1233 2774 1290; x_wconf 90' lang='lat' dir='ltr'><strong>eisdem</strong></span> <span class='ocrx_word' id='word_1_378' title='bbox 2815 1235 3006 1300; x_wconf 85' lang='lat' dir='ltr'><strong>armis,</strong></span> <span class='ocrx_word' id='word_1_379' title='bbox 3039 1234 3288 1305; x_wconf 86' lang='lat' dir='ltr'><strong>pecunia,</strong></span> <span class='ocrx_word' id='word_1_380' title='bbox 3317 1234 3574 1299; x_wconf 80' lang='lat' dir='ltr'><strong>consilio,</strong></span> <span class='ocrx_word' id='word_1_381' title='bbox 3603 1233 3736 1289; x_wconf 81' lang='lat' dir='ltr'><strong>obe~</strong></span> 
     </span>
    </p>
   </div>
   <div class='ocr_carea' id='block_1_58' title="bbox 2147 1323 3737 1396">
    <p class='ocr_par' dir='ltr' id='par_1_58' title="bbox 2147 1323 3737 1396">
     <span class='ocr_line' id='line_1_58' title="bbox 2147 1323 3737 1396; baseline 0.001 -18"><span class='ocrx_word' id='word_1_382' title='bbox 2147 1323 2350 1378; x_wconf 89' lang='lat' dir='ltr'><strong>dientia</strong></span> <span class='ocrx_word' id='word_1_383' title='bbox 2394 1323 2658 1392; x_wconf 88' lang='lat' dir='ltr'><strong>faverent,</strong></span> <span class='ocrx_word' id='word_1_384' title='bbox 2704 1325 2908 1396; x_wconf 83' lang='lat' dir='ltr'><strong>quique</strong></span> <span class='ocrx_word' id='word_1_385' title='bbox 2948 1325 3019 1380; x_wconf 89' lang='lat' dir='ltr'><strong>ab</strong></span> <span class='ocrx_word' id='word_1_386' title='bbox 3057 1325 3266 1381; x_wconf 88' lang='lat' dir='ltr'><strong>eisdem</strong></span> <span class='ocrx_word' id='word_1_387' title='bbox 3309 1326 3395 1381; x_wconf 89' lang='lat' dir='ltr'><strong>vel</strong></span> <span class='ocrx_word' id='word_1_388' title='bbox 3432 1325 3504 1380; x_wconf 88' lang='lat' dir='ltr'><strong>ab</strong></span> <span class='ocrx_word' id='word_1_389' title='bbox 3544 1339 3737 1380; x_wconf 80' lang='lat' dir='ltr'><strong>eorum</strong></span> 
     </span>
    </p>
   </div>
   <div class='ocr_carea' id='block_1_59' title="bbox 2148 1413 3740 1486">
    <p class='ocr_par' dir='ltr' id='par_1_59' title="bbox 2148 1413 3740 1486">
     <span class='ocr_line' id='line_1_59' title="bbox 2148 1413 3740 1486; baseline 0.002 -18"><span class='ocrx_word' id='word_1_390' title='bbox 2148 1413 2456 1471; x_wconf 86' lang='lat' dir='ltr'><strong>fautoribus</strong></span> <span class='ocrx_word' id='word_1_391' title='bbox 2482 1414 2869 1473; x_wconf 70' lang='lat' dir='ltr'><strong>melesiasticos</strong></span> <span class='ocrx_word' id='word_1_392' title='bbox 2897 1417 3118 1474; x_wconf 87' lang='lat' dir='ltr'><strong>ordines</strong></span> <span class='ocrx_word' id='word_1_393' title='bbox 3147 1417 3232 1472; x_wconf 84' lang='lat' dir='ltr'><strong>vel</strong></span> <span class='ocrx_word' id='word_1_394' title='bbox 3263 1417 3507 1473; x_wconf 84' lang='lat' dir='ltr'><strong>honores</strong></span> <span class='ocrx_word' id='word_1_395' title='bbox 3526 1417 3740 1486; x_wconf 86' lang='lat' dir='ltr'><strong>accipe-</strong></span> 
     </span>
    </p>
   </div>
   <div class='ocr_carea' id='block_1_60' title="bbox 2148 1505 3736 1578">
    <p class='ocr_par' dir='ltr' id='par_1_60' title="bbox 2148 1505 3736 1578">
     <span class='ocr_line' id='line_1_60' title="bbox 2148 1505 3736 1578; baseline -0.001 -17"><span class='ocrx_word' id='word_1_396' title='bbox 2148 1513 2300 1573; x_wconf 86' lang='lat' dir='ltr'><strong>rent;</strong></span> <span class='ocrx_word' id='word_1_397' title='bbox 2327 1505 2385 1560; x_wconf 89' lang='lat' dir='ltr'><strong>in</strong></span> <span class='ocrx_word' id='word_1_398' title='bbox 2411 1506 2585 1562; x_wconf 86' lang='lat' dir='ltr'><strong>tercio</strong></span> <span class='ocrx_word' id='word_1_399' title='bbox 2614 1515 2794 1562; x_wconf 80' lang='lat' dir='ltr'><strong>autem</strong></span> <span class='ocrx_word' id='word_1_400' title='bbox 2819 1507 2990 1578; x_wconf 82' lang='lat' dir='ltr'><strong>gradu</strong></span> <span class='ocrx_word' id='word_1_401' title='bbox 3020 1507 3523 1563; x_wconf 88' lang='lat' dir='ltr'><strong>communicatores</strong></span> <span class='ocrx_word' id='word_1_402' title='bbox 3545 1520 3736 1561; x_wconf 83' lang='lat' dir='ltr'><strong>eorum</strong></span> 
     </span>
    </p>
   </div>
   <div class='ocr_carea' id='block_1_61' title="bbox 2149 1596 3738 1668">
    <p class='ocr_par' dir='ltr' id='par_1_61' title="bbox 2149 1596 3738 1668">
     <span class='ocr_line' id='line_1_61' title="bbox 2149 1596 3738 1668; baseline -0.001 -16"><span class='ocrx_word' id='word_1_403' title='bbox 2149 1596 2356 1666; x_wconf 89' lang='lat' dir='ltr'><strong>posuit,</strong></span> <span class='ocrx_word' id='word_1_404' title='bbox 2394 1612 2536 1668; x_wconf 89' lang='lat' dir='ltr'><strong>quos</strong></span> <span class='ocrx_word' id='word_1_405' title='bbox 2561 1597 2666 1652; x_wconf 91' lang='lat' dir='ltr'><strong>etsi</strong></span> <span class='ocrx_word' id='word_1_406' title='bbox 2694 1613 2804 1653; x_wconf 89' lang='lat' dir='ltr'><strong>non</strong></span> <span class='ocrx_word' id='word_1_407' title='bbox 2830 1598 3353 1663; x_wconf 77' lang='lat' dir='ltr'><strong>excommunicaret,</strong></span> <span class='ocrx_word' id='word_1_408' title='bbox 3390 1597 3532 1652; x_wconf 86' lang='lat' dir='ltr'><strong>adeo</strong></span> <span class='ocrx_word' id='word_1_409' title='bbox 3559 1605 3738 1652; x_wconf 81' lang='lat' dir='ltr'><strong>tamen</strong></span> 
     </span>
    </p>
   </div>
   <div class='ocr_carea' id='block_1_62' title="bbox 2151 1687 3738 1753">
    <p class='ocr_par' dir='ltr' id='par_1_62' title="bbox 2151 1687 3738 1753">
     <span class='ocr_line' id='line_1_62' title="bbox 2151 1687 3738 1753; baseline 0 -12"><span class='ocrx_word' id='word_1_410' title='bbox 2151 1701 2248 1742; x_wconf 89' lang='lat' dir='ltr'><strong>eos</strong></span> <span class='ocrx_word' id='word_1_411' title='bbox 2268 1694 2493 1741; x_wconf 78' lang='lat' dir='ltr'><strong>externa</strong></span> <span class='ocrx_word' id='word_1_412' title='bbox 2525 1687 2914 1743; x_wconf 84' lang='lat' dir='ltr'><strong>communione</strong></span> <span class='ocrx_word' id='word_1_413' title='bbox 2953 1687 3255 1743; x_wconf 86' lang='lat' dir='ltr'><strong>maculatos</strong></span> <span class='ocrx_word' id='word_1_414' title='bbox 3288 1687 3550 1753; x_wconf 86' lang='lat' dir='ltr'><strong>asseruit,</strong></span> <span class='ocrx_word' id='word_1_415' title='bbox 3586 1696 3650 1741; x_wconf 90' lang='lat' dir='ltr'><strong>ut</strong></span> <span class='ocrx_word' id='word_1_416' title='bbox 3684 1687 3738 1741; x_wconf 88' lang='lat' dir='ltr'><strong>in</strong></span> 
     </span>
    </p>
   </div>
   <div class='ocr_carea' id='block_1_63' title="bbox 2151 1781 3738 1858">
    <p class='ocr_par' dir='ltr' id='par_1_63' title="bbox 2151 1781 3738 1858">
     <span class='ocr_line' id='line_1_63' title="bbox 2151 1781 3738 1858; baseline -0.003 -20"><span class='ocrx_word' id='word_1_417' title='bbox 2151 1782 2474 1848; x_wconf 85' lang='lat' dir='ltr'><strong>catholicam</strong></span> <span class='ocrx_word' id='word_1_418' title='bbox 2501 1781 2818 1838; x_wconf 88' lang='lat' dir='ltr'><strong>societatem</strong></span> <span class='ocrx_word' id='word_1_419' title='bbox 2841 1782 2962 1858; x_wconf 84' lang='lat' dir='ltr'><strong>sine</strong></span> <span class='ocrx_word' id='word_1_420' title='bbox 2987 1781 3336 1838; x_wconf 89' lang='lat' dir='ltr'><strong>absolutione</strong></span> <span class='ocrx_word' id='word_1_421' title='bbox 3359 1789 3416 1836; x_wconf 89' lang='lat' dir='ltr'><strong>et</strong></span> <span class='ocrx_word' id='word_1_422' title='bbox 3443 1781 3738 1852; x_wconf 82' lang='lat' dir='ltr'><strong>penitentia</strong></span> 
     </span>
    </p>
   </div>
   <div class='ocr_carea' id='block_1_64' title="bbox 2151 1871 3745 1944">
    <p class='ocr_par' dir='ltr' id='par_1_64' title="bbox 2151 1871 3745 1944">
     <span class='ocr_line' id='line_1_64' title="bbox 2151 1871 3745 1944; baseline -0.002 -15"><span class='ocrx_word' id='word_1_423' title='bbox 2151 1873 2322 1944; x_wconf 90' lang='lat' dir='ltr'><strong>recipi</strong></span> <span class='ocrx_word' id='word_1_424' title='bbox 2343 1889 2452 1929; x_wconf 92' lang='lat' dir='ltr'><strong>non</strong></span> <span class='ocrx_word' id='word_1_425' title='bbox 2475 1873 2736 1929; x_wconf 88' lang='lat' dir='ltr'><strong>deberent</strong></span> <span class='ocrx_word' id='word_1_426' title='bbox 2763 1892 2776 1928; x_wconf 89' lang='lat'><strong>:</strong></span> <span class='ocrx_word' id='word_1_427' title='bbox 2801 1873 3052 1929; x_wconf 85' lang='lat' dir='ltr'><strong>videlicet</strong></span> <span class='ocrx_word' id='word_1_428' title='bbox 3072 1873 3168 1944; x_wconf 86' lang='lat' dir='ltr'><strong>qui</strong></span> <span class='ocrx_word' id='word_1_429' title='bbox 3192 1873 3263 1906; x_wconf 72' lang='grc'><strong>⁸⁸⁸</strong></span> <span class='ocrx_word' id='word_1_430' title='bbox 3297 1871 3745 1928; x_wconf 77' lang='lat' dir='ltr'><strong>excommunica-</strong></span> 
     </span>
    </p>
   </div>
   <div class='ocr_carea' id='block_1_65' title="bbox 2153 1964 3744 2034">
    <p class='ocr_par' dir='ltr' id='par_1_65' title="bbox 2153 1964 3744 2034">
     <span class='ocr_line' id='line_1_65' title="bbox 2153 1964 3744 2034; baseline 0 -16"><span class='ocrx_word' id='word_1_431' title='bbox 2153 1966 2223 2020; x_wconf 85' lang='lat' dir='ltr'><strong>tis</strong></span> <span class='ocrx_word' id='word_1_432' title='bbox 2257 1965 2604 2034; x_wconf 86' lang='lat' dir='ltr'><strong>salutatione,</strong></span> <span class='ocrx_word' id='word_1_433' title='bbox 2633 1965 2846 2032; x_wconf 89' lang='lat' dir='ltr'><strong>osculo,</strong></span> <span class='ocrx_word' id='word_1_434' title='bbox 2871 1965 3142 2032; x_wconf 88' lang='lat' dir='ltr'><strong>oratione,</strong></span> <span class='ocrx_word' id='word_1_435' title='bbox 3169 1965 3425 2020; x_wconf 87' lang='lat' dir='ltr'><strong>convictu</strong></span> <span class='ocrx_word' id='word_1_436' title='bbox 3462 1964 3550 2018; x_wconf 86' lang='lat' dir='ltr'><strong>vel</strong></span> <span class='ocrx_word' id='word_1_437' title='bbox 3589 1965 3744 2034; x_wconf 84' lang='lat' dir='ltr'><strong>igno-</strong></span> 
     </span>
    </p>
   </div>
   <div class='ocr_carea' id='block_1_66' title="bbox 2153 2055 3746 2113">
    <p class='ocr_par' dir='ltr' id='par_1_66' title="bbox 2153 2055 3746 2113">
     <span class='ocr_line' id='line_1_66' title="bbox 2153 2055 3746 2113; baseline -0.001 -2"><span class='ocrx_word' id='word_1_438' title='bbox 2153 2065 2338 2112; x_wconf 89' lang='lat' dir='ltr'><strong>ranter</strong></span> <span class='ocrx_word' id='word_1_439' title='bbox 2363 2057 2882 2113; x_wconf 86' lang='lat' dir='ltr'><strong>communicassent.</strong></span> <span class='ocrx_word' id='word_1_440' title='bbox 2923 2055 3218 2112; x_wconf 75' lang='lat' dir='ltr'><strong>Ordinatus</strong></span> <span class='ocrx_word' id='word_1_441' title='bbox 3253 2071 3386 2110; x_wconf 82' lang='lat' dir='ltr'><strong>vero</strong></span> <span class='ocrx_word' id='word_1_442' title='bbox 3425 2056 3484 2110; x_wconf 84' lang='lat' dir='ltr'><strong>in</strong></span> <span class='ocrx_word' id='word_1_443' title='bbox 3523 2069 3746 2110; x_wconf 78' lang='lat' dir='ltr'><strong>excom-</strong></span> 
     </span>
    </p>
   </div>
   <div class='ocr_carea' id='block_1_67' title="bbox 2153 2147 3744 2217">
    <p class='ocr_par' dir='ltr' id='par_1_67' title="bbox 2153 2147 3744 2217">
     <span class='ocr_line' id='line_1_67' title="bbox 2153 2147 3744 2217; baseline -0.002 -14"><span class='ocrx_word' id='word_1_444' title='bbox 2153 2149 2525 2206; x_wconf 87' lang='lat' dir='ltr'><strong>municatione</strong></span> <span class='ocrx_word' id='word_1_445' title='bbox 2555 2158 2636 2205; x_wconf 89' lang='lat' dir='ltr'><strong>set</strong></span> <span class='ocrx_word' id='word_1_446' title='bbox 2670 2163 2778 2203; x_wconf 87' lang='lat' dir='ltr'><strong>non</strong></span> <span class='ocrx_word' id='word_1_447' title='bbox 2823 2148 3124 2204; x_wconf 87' lang='lat' dir='ltr'><strong>simoniace</strong></span> <span class='ocrx_word' id='word_1_448' title='bbox 3155 2147 3226 2203; x_wconf 89' lang='lat' dir='ltr'><strong>ab</strong></span> <span class='ocrx_word' id='word_1_449' title='bbox 3259 2147 3537 2217; x_wconf 87' lang='lat' dir='ltr'><strong>episcopis</strong></span> <span class='ocrx_word' id='word_1_450' title='bbox 3564 2159 3744 2217; x_wconf 89' lang='lat' dir='ltr'><strong>quon-</strong></span> 
     </span>
    </p>
   </div>
   <div class='ocr_carea' id='block_1_68' title="bbox 2152 2239 3748 2310">
    <p class='ocr_par' dir='ltr' id='par_1_68' title="bbox 2152 2239 3748 2310">
     <span class='ocr_line' id='line_1_68' title="bbox 2152 2239 3748 2310; baseline -0.001 -15"><span class='ocrx_word' id='word_1_451' title='bbox 2152 2240 2280 2296; x_wconf 87' lang='lat' dir='ltr'><strong>dam</strong></span> <span class='ocrx_word' id='word_1_452' title='bbox 2316 2241 2584 2296; x_wconf 89' lang='lat' dir='ltr'><strong>catbolice</strong></span> <span class='ocrx_word' id='word_1_453' title='bbox 2627 2240 2914 2308; x_wconf 88' lang='lat' dir='ltr'><strong>ordinatis,</strong></span> <span class='ocrx_word' id='word_1_454' title='bbox 2951 2249 3015 2296; x_wconf 89' lang='lat' dir='ltr'><strong>ut</strong></span> <span class='ocrx_word' id='word_1_455' title='bbox 3051 2240 3108 2295; x_wconf 89' lang='lat' dir='ltr'><strong>in</strong></span> <span class='ocrx_word' id='word_1_456' title='bbox 3149 2239 3347 2310; x_wconf 88' lang='lat' dir='ltr'><strong>adepto</strong></span> <span class='ocrx_word' id='word_1_457' title='bbox 3391 2240 3588 2295; x_wconf 88' lang='lat' dir='ltr'><strong>ordine</strong></span> <span class='ocrx_word' id='word_1_458' title='bbox 3627 2254 3748 2309; x_wconf 67' lang='lat' dir='ltr'><strong>pen-</strong></span> 
     </span>
    </p>
   </div>
   <div class='ocr_carea' id='block_1_69' title="bbox 2154 2331 3744 2402">
    <p class='ocr_par' dir='ltr' id='par_1_69' title="bbox 2154 2331 3744 2402">
     <span class='ocr_line' id='line_1_69' title="bbox 2154 2331 3744 2402; baseline -0.001 -16"><span class='ocrx_word' id='word_1_459' title='bbox 2154 2331 2408 2386; x_wconf 80' lang='lat' dir='ltr'><strong>sisterent</strong></span> <span class='ocrx_word' id='word_1_460' title='bbox 2447 2332 2569 2388; x_wconf 89' lang='lat' dir='ltr'><strong>sine</strong></span> <span class='ocrx_word' id='word_1_461' title='bbox 2610 2331 2958 2402; x_wconf 88' lang='lat' dir='ltr'><strong>promotione</strong></span> <span class='ocrx_word' id='word_1_462' title='bbox 2999 2331 3266 2402; x_wconf 89' lang='lat' dir='ltr'><strong>permisit,</strong></span> <span class='ocrx_word' id='word_1_463' title='bbox 3319 2332 3368 2387; x_wconf 87' lang='lat' dir='ltr'><strong>si</strong></span> <span class='ocrx_word' id='word_1_464' title='bbox 3411 2339 3596 2386; x_wconf 84' lang='lat' dir='ltr'><strong>tamen</strong></span> <span class='ocrx_word' id='word_1_465' title='bbox 3641 2331 3744 2385; x_wconf 87' lang='lat' dir='ltr'><strong>boc</strong></span> 
     </span>
    </p>
   </div>
   <div class='ocr_carea' id='block_1_70' title="bbox 2153 2421 3739 2494">
    <p class='ocr_par' dir='ltr' id='par_1_70' title="bbox 2153 2421 3739 2494">
     <span class='ocr_line' id='line_1_70' title="bbox 2153 2421 3739 2494; baseline -0.001 -17"><span class='ocrx_word' id='word_1_466' title='bbox 2153 2437 2343 2478; x_wconf 83' lang='lat' dir='ltr'><strong>eorum</strong></span> <span class='ocrx_word' id='word_1_467' title='bbox 2369 2425 2612 2492; x_wconf 85' lang='lat' dir='ltr'><strong>probitas</strong></span> <span class='ocrx_word' id='word_1_468' title='bbox 2634 2433 2688 2478; x_wconf 91' lang='lat' dir='ltr'><strong>et</strong></span> <span class='ocrx_word' id='word_1_469' title='bbox 2701 2423 2931 2479; x_wconf 68' lang='lat' dir='ltr'><strong>:eclesiae</strong></span> <span class='ocrx_word' id='word_1_470' title='bbox 2949 2421 3156 2477; x_wconf 89' lang='lat' dir='ltr'><strong>utilitas</strong></span> <span class='ocrx_word' id='word_1_471' title='bbox 3175 2421 3424 2494; x_wconf 82' lang='lat' dir='ltr'><strong>ﬂagitare</strong></span> <span class='ocrx_word' id='word_1_472' title='bbox 3447 2422 3739 2477; x_wconf 86' lang='lat' dir='ltr'><strong>videretur.</strong></span> 
     </span>
    </p>
   </div>
   <div class='ocr_carea' id='block_1_71' title="bbox 2154 2513 3740 2586">
    <p class='ocr_par' dir='ltr' id='par_1_71' title="bbox 2154 2513 3740 2586">
     <span class='ocr_line' id='line_1_71' title="bbox 2154 2513 3740 2586; baseline -0.001 -18"><span class='ocrx_word' id='word_1_473' title='bbox 2154 2514 2466 2586; x_wconf 87' lang='lat' dir='ltr'><strong>Aliquantis</strong></span> <span class='ocrx_word' id='word_1_474' title='bbox 2501 2517 2667 2572; x_wconf 88' lang='lat' dir='ltr'><strong>etiam</strong></span> <span class='ocrx_word' id='word_1_475' title='bbox 2709 2517 2780 2571; x_wconf 89' lang='lat' dir='ltr'><strong>ad</strong></span> <span class='ocrx_word' id='word_1_476' title='bbox 2819 2514 3132 2584; x_wconf 85' lang='lat' dir='ltr'><strong>superiores</strong></span> <span class='ocrx_word' id='word_1_477' title='bbox 3173 2514 3396 2569; x_wconf 86' lang='lat' dir='ltr'><strong>ordines</strong></span> <span class='ocrx_word' id='word_1_478' title='bbox 3434 2513 3740 2584; x_wconf 86' lang='lat' dir='ltr'><strong>promoveri</strong></span> 
     </span>
    </p>
   </div>
   <div class='ocr_carea' id='block_1_72' title="bbox 2157 2606 3744 2676">
    <p class='ocr_par' dir='ltr' id='par_1_72' title="bbox 2157 2606 3744 2676">
     <span class='ocr_line' id='line_1_72' title="bbox 2157 2606 3744 2676; baseline -0.004 -12"><span class='ocrx_word' id='word_1_479' title='bbox 2157 2608 2456 2676; x_wconf 87' lang='lat' dir='ltr'><strong>concessit;</strong></span> <span class='ocrx_word' id='word_1_480' title='bbox 2485 2617 2569 2663; x_wconf 91' lang='lat' dir='ltr'><strong>set</strong></span> <span class='ocrx_word' id='word_1_481' title='bbox 2605 2609 2711 2662; x_wconf 92' lang='lat' dir='ltr'><strong>boc</strong></span> <span class='ocrx_word' id='word_1_482' title='bbox 2737 2606 3040 2672; x_wconf 87' lang='lat' dir='ltr'><strong>rarissime,</strong></span> <span class='ocrx_word' id='word_1_483' title='bbox 3071 2613 3128 2662; x_wconf 92' lang='lat' dir='ltr'><strong>et</strong></span> <span class='ocrx_word' id='word_1_484' title='bbox 3149 2619 3273 2660; x_wconf 89' lang='lat' dir='ltr'><strong>cum</strong></span> <span class='ocrx_word' id='word_1_485' title='bbox 3301 2618 3524 2660; x_wconf 86' lang='lat' dir='ltr'><strong>summa</strong></span> <span class='ocrx_word' id='word_1_486' title='bbox 3565 2617 3744 2658; x_wconf 80' lang='lat' dir='ltr'><strong>neces-</strong></span> 
     </span>
    </p>
   </div>
   <div class='ocr_carea' id='block_1_73' title="bbox 2156 2695 3742 2766">
    <p class='ocr_par' dir='ltr' id='par_1_73' title="bbox 2156 2695 3742 2766">
     <span class='ocr_line' id='line_1_73' title="bbox 2156 2695 3742 2766; baseline -0.004 -12"><span class='ocrx_word' id='word_1_487' title='bbox 2156 2699 2337 2754; x_wconf 86' lang='lat' dir='ltr'><strong>sitate.</strong></span> <span class='ocrx_word' id='word_1_488' title='bbox 2375 2699 2672 2756; x_wconf 84' lang='lat' dir='ltr'><strong>Guibertus</strong></span> <span class='ocrx_word' id='word_1_489' title='bbox 2703 2708 2885 2754; x_wconf 90' lang='lat' dir='ltr'><strong>autem</strong></span> <span class='ocrx_word' id='word_1_490' title='bbox 2923 2697 3300 2753; x_wconf 87' lang='lat' dir='ltr'><strong>beresiarcbes</strong></span> <span class='ocrx_word' id='word_1_491' title='bbox 3333 2695 3571 2766; x_wconf 86' lang='lat' dir='ltr'><strong>ejusque</strong></span> <span class='ocrx_word' id='word_1_492' title='bbox 3603 2709 3742 2749; x_wconf 85' lang='lat' dir='ltr'><strong>com—</strong></span> 
     </span>
    </p>
   </div>
   <div class='ocr_carea' id='block_1_74' title="bbox 2156 2786 3747 2861">
    <p class='ocr_par' dir='ltr' id='par_1_74' title="bbox 2156 2786 3747 2861">
     <span class='ocr_line' id='line_1_74' title="bbox 2156 2786 3747 2861; baseline -0.003 -17"><span class='ocrx_word' id='word_1_493' title='bbox 2156 2789 2324 2860; x_wconf 90' lang='lat' dir='ltr'><strong>plices</strong></span> <span class='ocrx_word' id='word_1_494' title='bbox 2366 2790 2421 2844; x_wconf 90' lang='lat' dir='ltr'><strong>in</strong></span> <span class='ocrx_word' id='word_1_495' title='bbox 2449 2799 2602 2860; x_wconf 86' lang='lat' dir='ltr'><strong>parte</strong></span> <span class='ocrx_word' id='word_1_496' title='bbox 2644 2791 2788 2861; x_wconf 80' lang='lat' dir='ltr'><strong>regis</strong></span> <span class='ocrx_word' id='word_1_497' title='bbox 2823 2803 3013 2844; x_wconf 90' lang='lat' dir='ltr'><strong>eorum</strong></span> <span class='ocrx_word' id='word_1_498' title='bbox 3051 2786 3287 2843; x_wconf 85' lang='lat' dir='ltr'><strong>Heinrici</strong></span> <span class='ocrx_word' id='word_1_499' title='bbox 3316 2787 3747 2842; x_wconf 78' lang='lat' dir='ltr'><strong>anathematicas</strong></span> 
     </span>
    </p>
   </div>
   <div class='ocr_carea' id='block_1_75' title="bbox 2159 2877 3743 2948">
    <p class='ocr_par' dir='ltr' id='par_1_75' title="bbox 2159 2877 3743 2948">
     <span class='ocr_line' id='line_1_75' title="bbox 2159 2877 3743 2948; baseline -0.002 -13"><span class='ocrx_word' id='word_1_500' title='bbox 2159 2881 2532 2937; x_wconf 87' lang='lat' dir='ltr'><strong>ordinationes</strong></span> <span class='ocrx_word' id='word_1_501' title='bbox 2573 2881 2752 2937; x_wconf 86' lang='lat' dir='ltr'><strong>facere</strong></span> <span class='ocrx_word' id='word_1_502' title='bbox 2779 2896 2890 2936; x_wconf 89' lang='lat' dir='ltr'><strong>non</strong></span> <span class='ocrx_word' id='word_1_503' title='bbox 2924 2888 3296 2944; x_wconf 88' lang='lat' dir='ltr'><strong>cessaverunt,</strong></span> <span class='ocrx_word' id='word_1_504' title='bbox 3333 2878 3598 2948; x_wconf 85' lang='lat' dir='ltr'><strong>ipsasque</strong></span> <span class='ocrx_word' id='word_1_505' title='bbox 3633 2877 3743 2934; x_wconf 81' lang='lat' dir='ltr'><strong>suis</strong></span> 
     </span>
    </p>
   </div>
   <div class='ocr_carea' id='block_1_76' title="bbox 2160 2971 3744 3040">
    <p class='ocr_par' dir='ltr' id='par_1_76' title="bbox 2160 2971 3744 3040">
     <span class='ocr_line' id='line_1_76' title="bbox 2160 2971 3744 3040; baseline -0.001 -13"><span class='ocrx_word' id='word_1_506' title='bbox 2160 2973 2522 3030; x_wconf 83' lang='lat' dir='ltr'><strong>sectatoribus</strong></span> <span class='ocrx_word' id='word_1_507' title='bbox 2553 2989 2666 3029; x_wconf 90' lang='lat' dir='ltr'><strong>non</strong></span> <span class='ocrx_word' id='word_1_508' title='bbox 2709 2973 2816 3028; x_wconf 90' lang='lat' dir='ltr'><strong>nisi</strong></span> <span class='ocrx_word' id='word_1_509' title='bbox 2857 2972 3144 3028; x_wconf 81' lang='lat' dir='ltr'><strong>karissime</strong></span> <span class='ocrx_word' id='word_1_510' title='bbox 3185 2971 3436 3026; x_wconf 86' lang='lat' dir='ltr'><strong>venditas</strong></span> <span class='ocrx_word' id='word_1_511' title='bbox 3469 2971 3744 3040; x_wconf 79' lang='lat' dir='ltr'><strong>impende-</strong></span> 
     </span>
    </p>
   </div>
   <div class='ocr_carea' id='block_1_77' title="bbox 2161 3061 3742 3122">
    <p class='ocr_par' dir='ltr' id='par_1_77' title="bbox 2161 3061 3742 3122">
     <span class='ocr_line' id='line_1_77' title="bbox 2161 3061 3742 3122; baseline -0.003 -1"><span class='ocrx_word' id='word_1_512' title='bbox 2161 3074 2309 3121; x_wconf 88' lang='lat' dir='ltr'><strong>runt.</strong></span> <span class='ocrx_word' id='word_1_513' title='bbox 2336 3065 2492 3122; x_wconf 89' lang='lat' dir='ltr'><strong>Unde</strong></span> <span class='ocrx_word' id='word_1_514' title='bbox 2517 3075 2573 3122; x_wconf 90' lang='lat' dir='ltr'><strong>et</strong></span> <span class='ocrx_word' id='word_1_515' title='bbox 2596 3066 2801 3121; x_wconf 87' lang='lat' dir='ltr'><strong>malum</strong></span> <span class='ocrx_word' id='word_1_516' title='bbox 2837 3061 3425 3120; x_wconf 76' lang='lat' dir='ltr'><strong>excommunicationis</strong></span> <span class='ocrx_word' id='word_1_517' title='bbox 3452 3063 3510 3116; x_wconf 90' lang='lat' dir='ltr'><strong>in</strong></span> <span class='ocrx_word' id='word_1_518' title='bbox 3537 3071 3742 3118; x_wconf 82' lang='lat' dir='ltr'><strong>tantum</strong></span> 
     </span>
    </p>
   </div>
   <div class='ocr_carea' id='block_1_78' title="bbox 2160 3152 3748 3228">
    <p class='ocr_par' dir='ltr' id='par_1_78' title="bbox 2160 3152 3748 3228">
     <span class='ocr_line' id='line_1_78' title="bbox 2160 3152 3748 3228; baseline -0.003 -18"><span class='ocrx_word' id='word_1_519' title='bbox 2160 3167 2518 3228; x_wconf 78' lang='lat' dir='ltr'><strong>propagatum</strong></span> <span class='ocrx_word' id='word_1_520' title='bbox 2552 3165 2638 3212; x_wconf 76' lang='lat' dir='ltr'><strong>est</strong></span> <span class='ocrx_word' id='word_1_521' title='bbox 2671 3171 2737 3210; x_wconf 89' lang='lat' dir='ltr'><strong>eo</strong></span> <span class='ocrx_word' id='word_1_522' title='bbox 2763 3165 3027 3224; x_wconf 88' lang='lat' dir='ltr'><strong>tempore,</strong></span> <span class='ocrx_word' id='word_1_523' title='bbox 3069 3162 3132 3208; x_wconf 89' lang='lat' dir='ltr'><strong>ut</strong></span> <span class='ocrx_word' id='word_1_524' title='bbox 3159 3152 3416 3208; x_wconf 84' lang='lat' dir='ltr'><strong>catholici</strong></span> <span class='ocrx_word' id='word_1_525' title='bbox 3451 3152 3549 3207; x_wconf 79' lang='lat' dir='ltr'><strong>vix</strong></span> <span class='ocrx_word' id='word_1_526' title='bbox 3593 3167 3656 3208; x_wconf 85' lang='lat' dir='ltr'><strong>se</strong></span> <span class='ocrx_word' id='word_1_527' title='bbox 3681 3152 3748 3207; x_wconf 82' lang='lat' dir='ltr'><strong>ab</strong></span> 
     </span>
    </p>
   </div>
   <div class='ocr_carea' id='block_1_79' title="bbox 2159 3242 3748 3318">
    <p class='ocr_par' dir='ltr' id='par_1_79' title="bbox 2159 3242 3748 3318">
     <span class='ocr_line' id='line_1_79' title="bbox 2159 3242 3748 3318; baseline -0.002 -16"><span class='ocrx_word' id='word_1_528' title='bbox 2159 3248 2278 3318; x_wconf 86' lang='lat' dir='ltr'><strong>ejus</strong></span> <span class='ocrx_word' id='word_1_529' title='bbox 2299 3247 2554 3318; x_wconf 86' lang='lat' dir='ltr'><strong>contagio</strong></span> <span class='ocrx_word' id='word_1_530' title='bbox 2573 3256 2798 3318; x_wconf 89' lang='lat' dir='ltr'><strong>possent</strong></span> <span class='ocrx_word' id='word_1_531' title='bbox 2822 3247 3005 3302; x_wconf 88' lang='lat' dir='ltr'><strong>illesos</strong></span> <span class='ocrx_word' id='word_1_532' title='bbox 3028 3245 3324 3301; x_wconf 86' lang='lat' dir='ltr'><strong>custodire.</strong></span> <span class='ocrx_word' id='word_1_533' title='bbox 3348 3242 3410 3298; x_wconf 92' lang='lat' dir='ltr'><strong>In</strong></span> <span class='ocrx_word' id='word_1_534' title='bbox 3435 3242 3748 3299; x_wconf 80' lang='lat' dir='ltr'><strong>Teutonicis</strong></span> 
     </span>
    </p>
   </div>
   <div class='ocr_carea' id='block_1_80' title="bbox 2160 3336 3754 3410">
    <p class='ocr_par' dir='ltr' id='par_1_80' title="bbox 2160 3336 3754 3410">
     <span class='ocr_line' id='line_1_80' title="bbox 2160 3336 3754 3410; baseline -0.003 -16"><span class='ocrx_word' id='word_1_535' title='bbox 2160 3339 2406 3408; x_wconf 72' lang='lat' dir='ltr'><strong>partibus</strong></span> <span class='ocrx_word' id='word_1_536' title='bbox 2439 3347 2676 3410; x_wconf 81' lang='lat' dir='ltr'><strong>quatuor</strong></span> <span class='ocrx_word' id='word_1_537' title='bbox 2705 3338 2946 3408; x_wconf 90' lang='lat' dir='ltr'><strong>episcopi</strong></span> <span class='ocrx_word' id='word_1_538' title='bbox 2975 3338 3032 3392; x_wconf 92' lang='lat' dir='ltr'><strong>in</strong></span> <span class='ocrx_word' id='word_1_539' title='bbox 3061 3337 3330 3392; x_wconf 83' lang='lat' dir='ltr'><strong>catholica</strong></span> <span class='ocrx_word' id='word_1_540' title='bbox 3357 3336 3754 3392; x_wconf 86' lang='lat' dir='ltr'><strong>communione</strong></span> 
     </span>
    </p>
   </div>
   <div class='ocr_carea' id='block_1_81' title="bbox 2160 3425 3748 3500">
    <p class='ocr_par' dir='ltr' id='par_1_81' title="bbox 2160 3425 3748 3500">
     <span class='ocr_line' id='line_1_81' title="bbox 2160 3425 3748 3500; baseline -0.002 -15"><span class='ocrx_word' id='word_1_541' title='bbox 2160 3431 2538 3500; x_wconf 86' lang='lat' dir='ltr'><strong>perstiterunt,</strong></span> <span class='ocrx_word' id='word_1_542' title='bbox 2569 3430 2822 3486; x_wconf 88' lang='lat' dir='ltr'><strong>videlicet</strong></span> <span class='ocrx_word' id='word_1_543' title='bbox 2852 3427 3349 3499; x_wconf 79' lang='lat' dir='ltr'><strong>Wirceburgensis,</strong></span> <span class='ocrx_word' id='word_1_544' title='bbox 3381 3425 3748 3493; x_wconf 84' lang='lat' dir='ltr'><strong>Pataviensis,</strong></span> 
     </span>
    </p>
   </div>
   <div class='ocr_carea' id='block_1_82' title="bbox 2161 3517 3752 3588">
    <p class='ocr_par' dir='ltr' id='par_1_82' title="bbox 2161 3517 3752 3588">
     <span class='ocr_line' id='line_1_82' title="bbox 2161 3517 3752 3588; baseline -0.002 -10"><span class='ocrx_word' id='word_1_545' title='bbox 2161 3521 2602 3588; x_wconf 87' lang='lat' dir='ltr'><strong>Wormaticnsis,</strong></span> <span class='ocrx_word' id='word_1_546' title='bbox 2641 3519 3100 3586; x_wconf 87' lang='lat' dir='ltr'><strong>Constantiensis,</strong></span> <span class='ocrx_word' id='word_1_547' title='bbox 3133 3526 3216 3574; x_wconf 82' lang='lat' dir='ltr'><strong>set</strong></span> <span class='ocrx_word' id='word_1_548' title='bbox 3247 3525 3304 3574; x_wconf 88' lang='lat' dir='ltr'><strong>et</strong></span> <span class='ocrx_word' id='word_1_549' title='bbox 3345 3517 3610 3575; x_wconf 73' lang='lat' dir='ltr'><strong>Metensis</strong></span> <span class='ocrx_word' id='word_1_550' title='bbox 3642 3517 3752 3588; x_wconf 76' lang='lat' dir='ltr'><strong>cpi-</strong></span> 
     </span>
    </p>
   </div>
   <div class='ocr_carea' id='block_1_83' title="bbox 2161 3609 3750 3686">
    <p class='ocr_par' dir='ltr' id='par_1_83' title="bbox 2161 3609 3750 3686">
     <span class='ocr_line' id='line_1_83' title="bbox 2161 3609 3750 3686; baseline -0.006 -15"><span class='ocrx_word' id='word_1_551' title='bbox 2161 3629 2392 3686; x_wconf 89' lang='lat' dir='ltr'><strong>scopus;</strong></span> <span class='ocrx_word' id='word_1_552' title='bbox 2456 3629 2694 3685; x_wconf 90' lang='lat' dir='ltr'><strong>quorum</strong></span> <span class='ocrx_word' id='word_1_553' title='bbox 2745 3611 3186 3669; x_wconf 83' lang='lat' dir='ltr'><strong>confortamento</strong></span> <span class='ocrx_word' id='word_1_554' title='bbox 3237 3609 3438 3680; x_wconf 86' lang='lat' dir='ltr'><strong>reliqui</strong></span> <span class='ocrx_word' id='word_1_555' title='bbox 3489 3609 3750 3664; x_wconf 82' lang='lat' dir='ltr'><strong>catholici</strong></span> 
     </span>
    </p>
   </div>
   <div class='ocr_carea' id='block_1_84' title="bbox 2161 3695 3756 3772">
    <p class='ocr_par' dir='ltr' id='par_1_84' title="bbox 2161 3695 3756 3772">
     <span class='ocr_line' id='line_1_84' title="bbox 2161 3695 3756 3772; baseline -0.006 -13"><span class='ocrx_word' id='word_1_556' title='bbox 2161 3703 2487 3760; x_wconf 87' lang='lat' dir='ltr'><strong>scismatieis</strong></span> <span class='ocrx_word' id='word_1_557' title='bbox 2533 3719 2564 3758; x_wconf 90' lang='lat' dir='ltr'><strong>a</strong></span> <span class='ocrx_word' id='word_1_558' title='bbox 2613 3702 2880 3772; x_wconf 79' lang='lat' dir='ltr'><strong>principio</strong></span> <span class='ocrx_word' id='word_1_559' title='bbox 2920 3699 3260 3756; x_wconf 87' lang='lat' dir='ltr'><strong>restiterunt.</strong></span> <span class='ocrx_word' id='word_1_560' title='bbox 3298 3695 3416 3768; x_wconf 81' lang='lat' dir='ltr'><strong>Ugo</strong></span> <span class='ocrx_word' id='word_1_561' title='bbox 3463 3711 3657 3752; x_wconf 89' lang='lat' dir='ltr'><strong>comes</strong></span> <span class='ocrx_word' id='word_1_562' title='bbox 3689 3697 3756 3750; x_wconf 83' lang='lat' dir='ltr'><strong>de</strong></span> 
     </span>
    </p>
   </div>
   <div class='ocr_carea' id='block_1_85' title="bbox 2163 3787 3752 3866">
    <p class='ocr_par' dir='ltr' id='par_1_85' title="bbox 2163 3787 3752 3866">
     <span class='ocr_line' id='line_1_85' title="bbox 2163 3787 3752 3866; baseline -0.004 -18"><span class='ocrx_word' id='word_1_563' title='bbox 2163 3795 2520 3866; x_wconf 84' lang='lat' dir='ltr'><strong>Eginisheim,</strong></span> <span class='ocrx_word' id='word_1_564' title='bbox 2545 3793 2856 3850; x_wconf 87' lang='lat' dir='ltr'><strong>indefessus</strong></span> <span class='ocrx_word' id='word_1_565' title='bbox 2879 3793 2949 3824; x_wconf 83' lang='grc'><strong>⁵⁰¹</strong></span> <span class='ocrx_word' id='word_1_566' title='bbox 2973 3791 3132 3846; x_wconf 87' lang='lat' dir='ltr'><strong>miles</strong></span> <span class='ocrx_word' id='word_1_567' title='bbox 3157 3789 3333 3846; x_wconf 87' lang='lat' dir='ltr'><strong>sancti</strong></span> <span class='ocrx_word' id='word_1_568' title='bbox 3355 3788 3526 3852; x_wconf 86' lang='lat' dir='ltr'><strong>Petri,</strong></span> <span class='ocrx_word' id='word_1_569' title='bbox 3561 3795 3648 3842; x_wconf 85' lang='lat' dir='ltr'><strong>set</strong></span> <span class='ocrx_word' id='word_1_570' title='bbox 3667 3787 3752 3842; x_wconf 87' lang='lat' dir='ltr'><strong>ni-</strong></span> 
     </span>
    </p>
   </div>
   <div class='ocr_carea' id='block_1_86' title="bbox 2163 3880 3752 3955">
    <p class='ocr_par' dir='ltr' id='par_1_86' title="bbox 2163 3880 3752 3955">
     <span class='ocr_line' id='line_1_86' title="bbox 2163 3880 3752 3955; baseline -0.004 -15"><span class='ocrx_word' id='word_1_571' title='bbox 2163 3886 2334 3940; x_wconf 89' lang='lat' dir='ltr'><strong>mium</strong></span> <span class='ocrx_word' id='word_1_572' title='bbox 2386 3886 2643 3942; x_wconf 89' lang='lat' dir='ltr'><strong>credulus</strong></span> <span class='ocrx_word' id='word_1_573' title='bbox 2704 3882 3124 3955; x_wconf 80' lang='lat' dir='ltr'><strong>Strazburgensi</strong></span> <span class='ocrx_word' id='word_1_574' title='bbox 3162 3880 3672 3952; x_wconf 88' lang='lat' dir='ltr'><strong>pseudoepiseopo,</strong></span> <span class='ocrx_word' id='word_1_575' title='bbox 3721 3893 3752 3932; x_wconf 81' lang='lat' dir='ltr'><strong>a</strong></span> 
     </span>
    </p>
   </div>
   <div class='ocr_carea' id='block_1_87' title="bbox 2163 3970 3756 4048">
    <p class='ocr_par' dir='ltr' id='par_1_87' title="bbox 2163 3970 3756 4048">
     <span class='ocr_line' id='line_1_87' title="bbox 2163 3970 3756 4048; baseline -0.005 -16"><span class='ocrx_word' id='word_1_576' title='bbox 2163 3977 2527 4032; x_wconf 84' lang='lat' dir='ltr'><strong>servientibus</strong></span> <span class='ocrx_word' id='word_1_577' title='bbox 2564 3977 2812 4048; x_wconf 86' lang='lat' dir='ltr'><strong>ejusdem</strong></span> <span class='ocrx_word' id='word_1_578' title='bbox 2840 3973 3084 4046; x_wconf 86' lang='lat' dir='ltr'><strong>episcopi</strong></span> <span class='ocrx_word' id='word_1_579' title='bbox 3113 3971 3382 4028; x_wconf 87' lang='lat' dir='ltr'><strong>occiditur</strong></span> <span class='ocrx_word' id='word_1_580' title='bbox 3407 3971 3466 4026; x_wconf 90' lang='lat' dir='ltr'><strong>in</strong></span> <span class='ocrx_word' id='word_1_581' title='bbox 3501 3970 3756 4026; x_wconf 82' lang='lat' dir='ltr'><strong>cubiculo</strong></span> 
     </span>
    </p>
   </div>
   <div class='ocr_carea' id='block_1_88' title="bbox 2163 4060 3766 4146">
    <p class='ocr_par' dir='ltr' id='par_1_88' title="bbox 2163 4060 3766 4146">
     <span class='ocr_line' id='line_1_88' title="bbox 2163 4060 3766 4146; baseline -0.006 -22"><span class='ocrx_word' id='word_1_582' title='bbox 2163 4069 2360 4138; x_wconf 90' lang='lat' dir='ltr'><strong>ipsius,</strong></span> <span class='ocrx_word' id='word_1_583' title='bbox 2383 4083 2509 4123; x_wconf 90' lang='lat' dir='ltr'><strong>cum</strong></span> <span class='ocrx_word' id='word_1_584' title='bbox 2537 4069 2657 4138; x_wconf 87' lang='lat' dir='ltr'><strong>ipso</strong></span> <span class='ocrx_word' id='word_1_585' title='bbox 2678 4067 2745 4122; x_wconf 87' lang='lat' dir='ltr'><strong>ad</strong></span> <span class='ocrx_word' id='word_1_586' title='bbox 2767 4065 3149 4121; x_wconf 84' lang='lat' dir='ltr'><strong>dormiendum</strong></span> <span class='ocrx_word' id='word_1_587' title='bbox 3174 4064 3496 4128; x_wconf 87' lang='lat' dir='ltr'><strong>collocatus,</strong></span> <span class='ocrx_word' id='word_1_588' title='bbox 3524 4062 3582 4116; x_wconf 76' lang='grc'>2.</span> <span class='ocrx_word' id='word_1_589' title='bbox 3613 4060 3766 4146; x_wconf 38' lang='lat' dir='ltr'><strong>Nom,</strong></span> 
     </span>
    </p>
   </div>
   <div class='ocr_carea' id='block_1_89' title="bbox 2166 4151 3752 4230">
    <p class='ocr_par' dir='ltr' id='par_1_89' title="bbox 2166 4151 3752 4230">
     <span class='ocr_line' id='line_1_89' title="bbox 2166 4151 3752 4230; baseline -0.006 -16"><span class='ocrx_word' id='word_1_590' title='bbox 2166 4160 2520 4230; x_wconf 78' lang='lat' dir='ltr'><strong>Septembris.</strong></span> <span class='ocrx_word' id='word_1_591' title='bbox 2554 4159 2758 4216; x_wconf 86' lang='lat' dir='ltr'><strong>Bonizo</strong></span> <span class='ocrx_word' id='word_1_592' title='bbox 2783 4156 2988 4229; x_wconf 71' lang='lat'><strong>(1370&#39;)</strong></span> <span class='ocrx_word' id='word_1_593' title='bbox 3012 4157 3115 4227; x_wconf 75' lang='lat' dir='ltr'><strong>piae</strong></span> <span class='ocrx_word' id='word_1_594' title='bbox 3135 4153 3416 4210; x_wconf 75' lang='lat' dir='ltr'><strong>memoria:</strong></span> <span class='ocrx_word' id='word_1_595' title='bbox 3452 4151 3752 4208; x_wconf 86' lang='lat' dir='ltr'><strong>Sutriensis</strong></span> 
     </span>
    </p>
   </div>
   <div class='ocr_carea' id='block_1_90' title="bbox 2161 4242 3753 4324">
    <p class='ocr_par' dir='ltr' id='par_1_90' title="bbox 2161 4242 3753 4324">
     <span class='ocr_line' id='line_1_90' title="bbox 2161 4242 3753 4324; baseline -0.008 -16"><span class='ocrx_word' id='word_1_596' title='bbox 2161 4253 2470 4324; x_wconf 90' lang='lat' dir='ltr'><strong>episcopus,</strong></span> <span class='ocrx_word' id='word_1_597' title='bbox 2513 4260 2598 4308; x_wconf 89' lang='lat' dir='ltr'><strong>set</strong></span> <span class='ocrx_word' id='word_1_598' title='bbox 2637 4251 2761 4306; x_wconf 86' lang='lat' dir='ltr'><strong>inde</strong></span> <span class='ocrx_word' id='word_1_599' title='bbox 2789 4265 2890 4320; x_wconf 85' lang='lat' dir='ltr'><strong>pro</strong></span> <span class='ocrx_word' id='word_1_600' title='bbox 2932 4248 3189 4304; x_wconf 78' lang='lat' dir='ltr'><strong>ﬁdelitate</strong></span> <span class='ocrx_word' id='word_1_601' title='bbox 3217 4245 3409 4302; x_wconf 74' lang='lat' dir='ltr'><strong>sancti</strong></span> <span class='ocrx_word' id='word_1_602' title='bbox 3449 4243 3602 4299; x_wconf 84' lang='lat' dir='ltr'><strong>Petri</strong></span> <span class='ocrx_word' id='word_1_603' title='bbox 3641 4242 3753 4312; x_wconf 84' lang='lat' dir='ltr'><strong>jam</strong></span> 
     </span>
    </p>
   </div>
   <div class='ocr_carea' id='block_1_91' title="bbox 476 4333 2054 4428">
    <p class='ocr_par' dir='ltr' id='par_1_91' title="bbox 476 4351 2054 4428">
     <span class='ocr_line' id='line_1_91' title="bbox 476 4351 2054 4428; baseline 0.004 -24"><span class='ocrx_word' id='word_1_604' title='bbox 476 4351 767 4424; x_wconf 81' lang='lat' dir='ltr'><strong>Augiensis</strong></span> <span class='ocrx_word' id='word_1_605' title='bbox 815 4357 1047 4424; x_wconf 66' lang='lat' dir='ltr'><strong>insulae,</strong></span> <span class='ocrx_word' id='word_1_606' title='bbox 1109 4356 1308 4428; x_wconf 81' lang='lat' dir='ltr'><strong>praeter</strong></span> <span class='ocrx_word' id='word_1_607' title='bbox 1345 4359 1687 4424; x_wconf 89' lang='lat' dir='ltr'><strong>monachos,</strong></span> <span class='ocrx_word' id='word_1_608' title='bbox 1751 4358 2054 4425; x_wconf 79' lang='lat' dir='ltr'><strong>concessit,</strong></span> 
     </span>
    </p>
   </div>
   <div class='ocr_carea' id='block_1_92' title="bbox 2154 4333 3753 4428">
    <p class='ocr_par' dir='ltr' id='par_1_92' title="bbox 2165 4333 3753 4420">
     <span class='ocr_line' id='line_1_92' title="bbox 2165 4333 3753 4420; baseline -0.01 -18"><span class='ocrx_word' id='word_1_609' title='bbox 2165 4347 2369 4402; x_wconf 86' lang='lat' dir='ltr'><strong>dudum</strong></span> <span class='ocrx_word' id='word_1_610' title='bbox 2395 4345 2678 4420; x_wconf 79' lang='lat' dir='ltr'><strong>expulsus,</strong></span> <span class='ocrx_word' id='word_1_611' title='bbox 2703 4343 2922 4398; x_wconf 90' lang='lat' dir='ltr'><strong>tandem</strong></span> <span class='ocrx_word' id='word_1_612' title='bbox 2953 4347 3078 4412; x_wconf 90' lang='lat' dir='ltr'><strong>post</strong></span> <span class='ocrx_word' id='word_1_613' title='bbox 3104 4339 3308 4394; x_wconf 87' lang='lat' dir='ltr'><strong>multas</strong></span> <span class='ocrx_word' id='word_1_614' title='bbox 3327 4335 3634 4406; x_wconf 87' lang='lat' dir='ltr'><strong>captiones,</strong></span> <span class='ocrx_word' id='word_1_615' title='bbox 3667 4333 3753 4387; x_wconf 81' lang='lat' dir='ltr'><strong>tri-</strong></span> 
     </span>
    </p>
   </div>
   <div class='ocr_carea' id='block_1_93' title="bbox 475 4435 2064 4506">
    <p class='ocr_par' dir='ltr' id='par_1_93' title="bbox 475 4435 2064 4506">
     <span class='ocr_line' id='line_1_93' title="bbox 475 4435 2064 4506; baseline 0.004 -9"><span class='ocrx_word' id='word_1_616' title='bbox 475 4443 603 4498; x_wconf 90' lang='lat' dir='ltr'><strong>data</strong></span> <span class='ocrx_word' id='word_1_617' title='bbox 679 4446 846 4501; x_wconf 89' lang='lat' dir='ltr'><strong>etiam</strong></span> <span class='ocrx_word' id='word_1_618' title='bbox 916 4449 1238 4504; x_wconf 87' lang='lat' dir='ltr'><strong>auctoritate</strong></span> <span class='ocrx_word' id='word_1_619' title='bbox 1309 4458 1370 4504; x_wconf 91' lang='lat' dir='ltr'><strong>ut</strong></span> <span class='ocrx_word' id='word_1_620' title='bbox 1433 4449 1682 4506; x_wconf 90' lang='lat' dir='ltr'><strong>abbatem</strong></span> <span class='ocrx_word' id='word_1_621' title='bbox 1751 4435 1886 4505; x_wconf 84' lang='lat' dir='ltr'><strong>inibi</strong></span> <span class='ocrx_word' id='word_1_622' title='bbox 1949 4450 2064 4504; x_wconf 88' lang='lat' dir='ltr'><strong>vice</strong></span> 
     </span>
    </p>
   </div>
   <div class='ocr_carea' id='block_1_94' title="bbox 477 4537 2068 4614">
    <p class='ocr_par' dir='ltr' id='par_1_94' title="bbox 477 4537 2068 4614">
     <span class='ocr_line' id='line_1_94' title="bbox 477 4537 2068 4614; baseline 0.002 -24"><span class='ocrx_word' id='word_1_623' title='bbox 477 4547 578 4590; x_wconf 76' lang='lat' dir='ltr'><strong>sua</strong></span> <span class='ocrx_word' id='word_1_624' title='bbox 640 4537 934 4606; x_wconf 85' lang='lat' dir='ltr'><strong>ordinaret,</strong></span> <span class='ocrx_word' id='word_1_625' title='bbox 991 4540 1118 4596; x_wconf 87' lang='lat' dir='ltr'><strong>item</strong></span> <span class='ocrx_word' id='word_1_626' title='bbox 1169 4550 1224 4595; x_wconf 90' lang='lat' dir='ltr'><strong>et</strong></span> <span class='ocrx_word' id='word_1_627' title='bbox 1277 4541 1420 4613; x_wconf 85' lang='lat' dir='ltr'><strong>apud</strong></span> <span class='ocrx_word' id='word_1_628' title='bbox 1463 4541 1766 4614; x_wconf 78' lang='lat' dir='ltr'><strong>Augustam</strong></span> <span class='ocrx_word' id='word_1_629' title='bbox 1800 4541 1915 4597; x_wconf 86' lang='lat' dir='ltr'><strong>sive</strong></span> <span class='ocrx_word' id='word_1_630' title='bbox 1952 4539 2068 4596; x_wconf 64' lang='lat' dir='ltr'><strong>Cuu</strong></span> 
     </span>
    </p>
   </div>
   <div class='ocr_carea' id='block_1_95' title="bbox 2169 4425 3750 4501">
    <p class='ocr_par' dir='ltr' id='par_1_95' title="bbox 2169 4425 3750 4501">
     <span class='ocr_line' id='line_1_95' title="bbox 2169 4425 3750 4501; baseline -0.01 -8"><span class='ocrx_word' id='word_1_631' title='bbox 2169 4429 2479 4493; x_wconf 85' lang='lat' dir='ltr'><strong>bulationcs</strong></span> <span class='ocrx_word' id='word_1_632' title='bbox 2503 4445 2558 4491; x_wconf 88' lang='lat' dir='ltr'><strong>et</strong></span> <span class='ocrx_word' id='word_1_633' title='bbox 2577 4435 2759 4501; x_wconf 85' lang='lat' dir='ltr'><strong>exilia,</strong></span> <span class='ocrx_word' id='word_1_634' title='bbox 2789 4450 2820 4489; x_wconf 91' lang='lat' dir='ltr'><strong>a</strong></span> <span class='ocrx_word' id='word_1_635' title='bbox 2842 4431 3175 4488; x_wconf 87' lang='lat' dir='ltr'><strong>Placentinis</strong></span> <span class='ocrx_word' id='word_1_636' title='bbox 3201 4428 3489 4486; x_wconf 86' lang='lat' dir='ltr'><strong>catholicis</strong></span> <span class='ocrx_word' id='word_1_637' title='bbox 3518 4441 3622 4498; x_wconf 89' lang='lat' dir='ltr'><strong>pro</strong></span> <span class='ocrx_word' id='word_1_638' title='bbox 3642 4425 3750 4494; x_wconf 85' lang='lat' dir='ltr'><strong>epi—</strong></span> 
     </span>
    </p>
   </div>
   <div class='ocr_carea' id='block_1_96' title="bbox 2174 4515 3748 4601">
    <p class='ocr_par' dir='ltr' id='par_1_96' title="bbox 2174 4515 3748 4601">
     <span class='ocr_line' id='line_1_96' title="bbox 2174 4515 3748 4601; baseline -0.01 -14"><span class='ocrx_word' id='word_1_639' title='bbox 2174 4545 2340 4601; x_wconf 90' lang='lat' dir='ltr'><strong>seopo</strong></span> <span class='ocrx_word' id='word_1_640' title='bbox 2370 4529 2662 4600; x_wconf 88' lang='lat' dir='ltr'><strong>recipitur;</strong></span> <span class='ocrx_word' id='word_1_641' title='bbox 2697 4535 2780 4584; x_wconf 88' lang='lat' dir='ltr'><strong>sct</strong></span> <span class='ocrx_word' id='word_1_642' title='bbox 2802 4541 2834 4580; x_wconf 90' lang='lat' dir='ltr'><strong>a</strong></span> <span class='ocrx_word' id='word_1_643' title='bbox 2873 4522 3199 4582; x_wconf 84' lang='lat' dir='ltr'><strong>scismaticis</strong></span> <span class='ocrx_word' id='word_1_644' title='bbox 3241 4520 3488 4592; x_wconf 82' lang='lat' dir='ltr'><strong>ejusdem</strong></span> <span class='ocrx_word' id='word_1_645' title='bbox 3526 4519 3635 4574; x_wconf 88' lang='lat' dir='ltr'><strong>loci</strong></span> <span class='ocrx_word' id='word_1_646' title='bbox 3671 4515 3748 4572; x_wconf 85' lang='lat' dir='ltr'><strong>ef-</strong></span> 
     </span>
    </p>
   </div>
   <div class='ocr_carea' id='block_1_97' title="bbox 1759 4711 2437 4772">
    <p class='ocr_par' dir='ltr' id='par_1_97' title="bbox 1759 4711 2437 4772">
     <span class='ocr_line' id='line_1_97' title="bbox 1759 4711 2437 4772; baseline -0.009 0"><span class='ocrx_word' id='word_1_647' title='bbox 1759 4713 1994 4772; x_wconf 66' lang='lat' dir='ltr'><strong>VARIIE</strong></span> <span class='ocrx_word' id='word_1_648' title='bbox 2033 4711 2437 4770; x_wconf 72' lang='lat' dir='ltr'><strong>LECTIONES.</strong></span> 
     </span>
    </p>
   </div>
   <div class='ocr_carea' id='block_1_98' title="bbox 548 4851 1082 4911">
    <p class='ocr_par' dir='ltr' id='par_1_98' title="bbox 548 4851 1082 4911">
     <span class='ocr_line' id='line_1_98' title="bbox 548 4851 1082 4911; baseline 0.006 -3"><span class='ocrx_word' id='word_1_649' title='bbox 548 4851 618 4886; x_wconf 74' lang='grc'><strong>⁸³⁸</strong></span> <span class='ocrx_word' id='word_1_650' title='bbox 649 4853 847 4910; x_wconf 73' lang='lat' dir='ltr'><strong>inloco</strong></span> <span class='ocrx_word' id='word_1_651' title='bbox 875 4873 1000 4910; x_wconf 81' lang='lat' dir='ltr'><strong>raso</strong></span> <span class='ocrx_word' id='word_1_652' title='bbox 1033 4857 1082 4911; x_wconf 90' lang='grc'><strong>1.</strong></span> 
     </span>
    </p>
   </div>
   <div class='ocr_carea' id='block_1_99' title="bbox 481 4923 2065 4992">
    <p class='ocr_par' dir='ltr' id='par_1_99' title="bbox 481 4923 2065 4992">
     <span class='ocr_line' id='line_1_99' title="bbox 481 4923 2065 4992; baseline 0 -13"><span class='ocrx_word' id='word_1_653' title='bbox 481 4923 558 4992; x_wconf 79' lang='lat' dir='ltr'><strong>git</strong></span> <span class='ocrx_word' id='word_1_654' title='bbox 596 4923 648 4978; x_wconf 97' lang='grc'><strong>1.</strong></span> <span class='ocrx_word' id='word_1_655' title='bbox 740 4926 812 4958; x_wconf 70' lang='grc'><strong>⁸⁵⁵⁸</strong></span> <span class='ocrx_word' id='word_1_656' title='bbox 838 4927 1142 4982; x_wconf 83' lang='lat' dir='ltr'><strong>beinricum</strong></span> <span class='ocrx_word' id='word_1_657' title='bbox 1165 4957 1237 4967; x_wconf 92' lang='lat'><strong><em>—</em></strong></span> <span class='ocrx_word' id='word_1_658' title='bbox 1257 4927 1598 4984; x_wconf 85' lang='lat' dir='ltr'><strong>confortatus</strong></span> <span class='ocrx_word' id='word_1_659' title='bbox 1637 4929 1694 4982; x_wconf 87' lang='lat' dir='ltr'><strong>in</strong></span> <span class='ocrx_word' id='word_1_660' title='bbox 1724 4923 1839 4980; x_wconf 83' lang='lat' dir='ltr'><strong>loco</strong></span> <span class='ocrx_word' id='word_1_661' title='bbox 1869 4943 1990 4980; x_wconf 81' lang='lat' dir='ltr'><strong>raso</strong></span> <span class='ocrx_word' id='word_1_662' title='bbox 2017 4923 2065 4979; x_wconf 72' lang='grc'><strong>1.</strong></span> 
     </span>
    </p>
   </div>
   <div class='ocr_carea' id='block_1_100' title="bbox 477 4992 2094 5068">
    <p class='ocr_par' dir='ltr' id='par_1_100' title="bbox 477 4992 2094 5068">
     <span class='ocr_line' id='line_1_100' title="bbox 477 4992 2094 5068; baseline 0.001 -20"><span class='ocrx_word' id='word_1_663' title='bbox 477 4992 770 5068; x_wconf 72' lang='lat' dir='ltr'><strong>destinavit</strong></span> <span class='ocrx_word' id='word_1_664' title='bbox 799 4996 856 5048; x_wconf 87' lang='lat' dir='ltr'><strong>in</strong></span> <span class='ocrx_word' id='word_1_665' title='bbox 895 4995 1010 5068; x_wconf 64' lang='lat' dir='ltr'><strong>loco</strong></span> <span class='ocrx_word' id='word_1_666' title='bbox 1058 5013 1179 5052; x_wconf 86' lang='lat' dir='ltr'><strong>raso</strong></span> <span class='ocrx_word' id='word_1_667' title='bbox 1210 4997 1260 5052; x_wconf 92' lang='grc'><strong>1.</strong></span> <span class='ocrx_word' id='word_1_668' title='bbox 1300 4997 1410 5068; x_wconf 20' lang='grc' dir='ltr'><strong>φ”οδ</strong></span> <span class='ocrx_word' id='word_1_669' title='bbox 1447 4997 1556 5052; x_wconf 84' lang='lat' dir='ltr'><strong>alio</strong></span> <span class='ocrx_word' id='word_1_670' title='bbox 1587 5007 1818 5068; x_wconf 82' lang='lat' dir='ltr'><strong>tempore</strong></span> <span class='ocrx_word' id='word_1_671' title='bbox 1844 4997 2013 5068; x_wconf 79' lang='lat' dir='ltr'><strong>pergit</strong></span> <span class='ocrx_word' id='word_1_672' title='bbox 2044 4997 2094 5050; x_wconf 91' lang='grc'><strong>1.</strong></span> 
     </span>
    </p>
   </div>
   <div class='ocr_carea' id='block_1_101' title="bbox 1982 5105 2213 5191">
    <p class='ocr_par' dir='ltr' id='par_1_101' title="bbox 1982 5105 2213 5191">
     <span class='ocr_line' id='line_1_101' title="bbox 1982 5105 2213 5191; baseline -0.004 -2"><span class='ocrx_word' id='word_1_673' title='bbox 1982 5105 2213 5191; x_wconf 68' lang='lat' dir='ltr'><strong>nom.</strong></span> 
     </span>
    </p>
   </div>
   <div class='ocr_carea' id='block_1_102' title="bbox 477 5061 1741 5138">
    <p class='ocr_par' dir='ltr' id='par_1_102' title="bbox 477 5061 1741 5138">
     <span class='ocr_line' id='line_1_102' title="bbox 477 5061 1741 5138; baseline 0.005 -24"><span class='ocrx_word' id='word_1_674' title='bbox 477 5061 531 5115; x_wconf 70' lang='lat'><strong>2.</strong></span> <span class='ocrx_word' id='word_1_675' title='bbox 607 5063 680 5096; x_wconf 75' lang='grc'><strong>⁸⁸³³</strong></span> <span class='ocrx_word' id='word_1_676' title='bbox 706 5063 745 5118; x_wconf 91' lang='lat' dir='ltr'><strong>i.</strong></span> <span class='ocrx_word' id='word_1_677' title='bbox 772 5080 847 5118; x_wconf 91' lang='lat' dir='ltr'><strong>m.</strong></span> <span class='ocrx_word' id='word_1_678' title='bbox 874 5081 920 5120; x_wconf 91' lang='lat' dir='ltr'><strong>s.</strong></span> <span class='ocrx_word' id='word_1_679' title='bbox 948 5065 1010 5120; x_wconf 86' lang='lat' dir='ltr'><strong>P.</strong></span> <span class='ocrx_word' id='word_1_680' title='bbox 1044 5083 1089 5122; x_wconf 91' lang='lat' dir='ltr'><strong>s.</strong></span> <span class='ocrx_word' id='word_1_681' title='bbox 1128 5083 1184 5122; x_wconf 92' lang='lat' dir='ltr'><strong>n.</strong></span> <span class='ocrx_word' id='word_1_682' title='bbox 1209 5083 1259 5122; x_wconf 92' lang='lat' dir='ltr'><strong>e.</strong></span> <span class='ocrx_word' id='word_1_683' title='bbox 1291 5067 1372 5124; x_wconf 86' lang='lat' dir='ltr'><strong>St.</strong></span> <span class='ocrx_word' id='word_1_684' title='bbox 1397 5084 1452 5138; x_wconf 91' lang='lat' dir='ltr'><strong>p.</strong></span> <span class='ocrx_word' id='word_1_685' title='bbox 1480 5069 1666 5122; x_wconf 81' lang='lat' dir='ltr'><strong>desunt</strong></span> <span class='ocrx_word' id='word_1_686' title='bbox 1685 5061 1741 5122; x_wconf 60' lang='grc' dir='ltr'>Ξ.</span> 
     </span>
    </p>
   </div>
   <div class='ocr_carea' id='block_1_103' title="bbox 550 5219 1452 5258">
    <p class='ocr_par' dir='ltr' id='par_1_103' title="bbox 550 5219 1452 5258">
     <span class='ocr_line' id='line_1_103' title="bbox 550 5219 1452 5258; baseline 0 0"><span class='ocrx_word' id='word_1_687' title='bbox 550 5219 737 5258; x_wconf 57' lang='grc' dir='ltr'><strong>(ικηκλ</strong></span> <span class='ocrx_word' id='word_1_688' title='bbox 777 5222 1032 5258; x_wconf 69' lang='lat' dir='ltr'><strong>Cloinhon</strong></span> <span class='ocrx_word' id='word_1_689' title='bbox 1062 5224 1114 5258; x_wconf 73' lang='lat' dir='ltr'><strong>in</strong></span> <span class='ocrx_word' id='word_1_690' title='bbox 1149 5223 1452 5258; x_wconf 60' lang='grc' dir='ltr'><strong>φιτ-..ςηπςα</strong></span> 
     </span>
    </p>
   </div>
   <div class='ocr_carea' id='block_1_104' title="bbox 1167 4844 3746 4925">
    <p class='ocr_par' dir='ltr' id='par_1_104' title="bbox 1167 4844 3746 4925">
     <span class='ocr_line' id='line_1_104' title="bbox 1167 4844 3746 4925; baseline -0.007 -11"><span class='ocrx_word' id='word_1_691' title='bbox 1167 4855 1237 4890; x_wconf 70' lang='grc'><strong>⁸⁹¹</strong></span> <span class='ocrx_word' id='word_1_692' title='bbox 1267 4872 1316 4913; x_wconf 91' lang='lat' dir='ltr'><strong>c.</strong></span> <span class='ocrx_word' id='word_1_693' title='bbox 1347 4874 1392 4914; x_wconf 92' lang='lat' dir='ltr'><strong>s.</strong></span> <span class='ocrx_word' id='word_1_694' title='bbox 1430 4856 1494 4912; x_wconf 90' lang='grc' dir='ltr'>Ο.</span> <span class='ocrx_word' id='word_1_695' title='bbox 1529 4857 1893 4925; x_wconf 81' lang='lat' dir='ltr'><strong>aliotemporc,</strong></span> <span class='ocrx_word' id='word_1_696' title='bbox 1925 4856 2016 4910; x_wconf 79' lang='lat' dir='ltr'><strong>sed</strong></span> <span class='ocrx_word' id='word_1_697' title='bbox 2053 4854 2218 4925; x_wconf 62' lang='lat' dir='ltr'><strong>paulo</strong></span> <span class='ocrx_word' id='word_1_698' title='bbox 2242 4850 2358 4925; x_wconf 69' lang='lat' dir='ltr'><strong>post</strong></span> <span class='ocrx_word' id='word_1_699' title='bbox 2387 4860 2438 4906; x_wconf 83' lang='lat' dir='ltr'><strong>et</strong></span> <span class='ocrx_word' id='word_1_700' title='bbox 2464 4853 2656 4925; x_wconf 12' lang='lat' dir='ltr'><strong>eadem!</strong></span> <span class='ocrx_word' id='word_1_701' title='bbox 2679 4867 2836 4925; x_wconf 65' lang='lat' dir='ltr'><strong>manu</strong></span> <span class='ocrx_word' id='word_1_702' title='bbox 2863 4851 3052 4925; x_wconf 60' lang='lat' dir='ltr'><strong>gddita</strong></span> <span class='ocrx_word' id='word_1_703' title='bbox 3083 4850 3132 4902; x_wconf 92' lang='grc'><strong>1.</strong></span> <span class='ocrx_word' id='word_1_704' title='bbox 3164 4846 3457 4925; x_wconf 40' lang='lat' dir='ltr'><strong>(taeentib</strong></span> <span class='ocrx_word' id='word_1_705' title='bbox 3530 4844 3603 4925; x_wconf 51' lang='lat'><strong>1”</strong></span> <span class='ocrx_word' id='word_1_706' title='bbox 3629 4863 3746 4914; x_wconf 76' lang='lat' dir='ltr'><strong>per-</strong></span> 
     </span>
    </p>
   </div>
   <div class='ocr_carea' id='block_1_105' title="bbox 2148 4915 3423 4976">
    <p class='ocr_par' dir='ltr' id='par_1_105' title="bbox 2148 4915 3423 4976">
     <span class='ocr_line' id='line_1_105' title="bbox 2148 4915 3423 4976; baseline -0.005 1"><span class='ocrx_word' id='word_1_707' title='bbox 2148 4923 2220 4968; x_wconf 71' lang='lat'><strong>‘.&quot;</strong></span> <span class='ocrx_word' id='word_1_708' title='bbox 2243 4915 2306 4976; x_wconf 71' lang='lat' dir='ltr'><strong>in</strong></span> <span class='ocrx_word' id='word_1_709' title='bbox 2335 4922 2451 4975; x_wconf 83' lang='lat' dir='ltr'><strong>loco</strong></span> <span class='ocrx_word' id='word_1_710' title='bbox 2483 4938 2604 4976; x_wconf 81' lang='lat' dir='ltr'><strong>raso</strong></span> <span class='ocrx_word' id='word_1_711' title='bbox 2636 4923 2686 4976; x_wconf 91' lang='grc'><strong>1.</strong></span> <span class='ocrx_word' id='word_1_712' title='bbox 2764 4922 2834 4954; x_wconf 69' lang='grc'><strong>⁴⁹⁶</strong></span> <span class='ocrx_word' id='word_1_713' title='bbox 2863 4920 3164 4974; x_wconf 85' lang='lat' dir='ltr'><strong>Teomarus</strong></span> <span class='ocrx_word' id='word_1_714' title='bbox 3187 4917 3276 4972; x_wconf 68' lang='grc' dir='ltr'><strong>υ».</strong></span> <span class='ocrx_word' id='word_1_715' title='bbox 3352 4915 3423 4950; x_wconf 77' lang='grc'><strong>’⁸³⁷</strong></span> 
     </span>
    </p>
   </div>
   <div class='ocr_carea' id='block_1_106' title="bbox 3449 4915 3746 4986">
    <p class='ocr_par' dir='ltr' id='par_1_106' title="bbox 3449 4915 3746 4986">
     <span class='ocr_line' id='line_1_106' title="bbox 3449 4915 3746 4986; baseline 0.01 -19"><span class='ocrx_word' id='word_1_716' title='bbox 3449 4915 3652 4986; x_wconf 86' lang='lat' dir='ltr'><strong>quibus</strong></span> <span class='ocrx_word' id='word_1_717' title='bbox 3681 4945 3746 4986; x_wconf 68' lang='grc' dir='ltr'><strong>-τ</strong></span> 
     </span>
    </p>
   </div>
   <div class='ocr_carea' id='block_1_107' title="bbox 2182 4985 3743 5058">
    <p class='ocr_par' dir='ltr' id='par_1_107' title="bbox 2182 4985 3743 5058">
     <span class='ocr_line' id='line_1_107' title="bbox 2182 4985 3743 5058; baseline -0.004 -11"><span class='ocrx_word' id='word_1_718' title='bbox 2182 4993 2250 5026; x_wconf 71' lang='grc'><strong>⁸⁸³</strong></span> <span class='ocrx_word' id='word_1_719' title='bbox 2281 4991 2631 5048; x_wconf 87' lang='lat' dir='ltr'><strong>Geberbardo</strong></span> <span class='ocrx_word' id='word_1_720' title='bbox 2659 4992 2811 5047; x_wconf 85' lang='lat' dir='ltr'><strong>addit</strong></span> <span class='ocrx_word' id='word_1_721' title='bbox 2839 4991 2891 5046; x_wconf 83' lang='lat'><strong>&#39;5.</strong></span> <span class='ocrx_word' id='word_1_722' title='bbox 2969 4989 3040 5022; x_wconf 79' lang='lat'><strong>&#39;°&#39;</strong></span> <span class='ocrx_word' id='word_1_723' title='bbox 3076 4989 3160 5042; x_wconf 81' lang='lat' dir='ltr'><strong>hic</strong></span> <span class='ocrx_word' id='word_1_724' title='bbox 3179 4987 3352 5058; x_wconf 75' lang='lat' dir='ltr'><strong>pergit</strong></span> <span class='ocrx_word' id='word_1_725' title='bbox 3374 4985 3431 5040; x_wconf 67' lang='lat'><strong>2.</strong></span> <span class='ocrx_word' id='word_1_726' title='bbox 3469 4985 3481 4986; x_wconf 31' lang='grc' dir='ltr'>ί</span> <span class='ocrx_word' id='word_1_727' title='bbox 3509 4985 3581 5020; x_wconf 74' lang='grc' dir='ltr'><strong>ὀί</strong></span> <span class='ocrx_word' id='word_1_728' title='bbox 3603 4985 3743 5056; x_wconf 79' lang='lat' dir='ltr'><strong>quod</strong></span> 
     </span>
    </p>
   </div>
   <div class='ocr_carea' id='block_1_108' title="bbox 2163 5209 3743 5258">
    <p class='ocr_par' dir='ltr' id='par_1_108' title="bbox 2163 5209 3743 5258">
     <span class='ocr_line' id='line_1_108' title="bbox 2163 5209 3743 5258; baseline 0 0"><span class='ocrx_word' id='word_1_729' title='bbox 2163 5239 2324 5258; x_wconf 69' lang='lat' dir='ltr'><strong>nolam</strong></span> <span class='ocrx_word' id='word_1_730' title='bbox 2351 5223 2518 5258; x_wconf 70' lang='lat' dir='ltr'><strong>mium</strong></span> <span class='ocrx_word' id='word_1_731' title='bbox 2550 5217 2815 5258; x_wconf 66' lang='lat' dir='ltr'><strong>Adalhnmi</strong></span> <span class='ocrx_word' id='word_1_732' title='bbox 2848 5214 3066 5258; x_wconf 69' lang='lat' dir='ltr'><strong>nnmitic</strong></span> <span class='ocrx_word' id='word_1_733' title='bbox 3085 5213 3152 5258; x_wconf 73' lang='lat' dir='ltr'><strong>dp.</strong></span> <span class='ocrx_word' id='word_1_734' title='bbox 3173 5209 3457 5258; x_wconf 73' lang='lat' dir='ltr'><strong>nmvincia</strong></span> <span class='ocrx_word' id='word_1_735' title='bbox 3494 5209 3743 5258; x_wconf 71' lang='lat' dir='ltr'><strong>Aleman-</strong></span> 
     </span>
    </p>
   </div>
  </div>
