3996 5474
215 217 345 274 MM

1064 215 1348 271 APPEND.
1392 216 1477 272 ΠΙ.
1520 250 1591 259 -—
1627 217 2062 275 MONUMENTA
2098 218 2562 277 GREGORIANA.

3338 221 3476 278 “02

218 328 381 384 fossis
419 327 616 394 oculis,
645 335 861 382 truncat
884 341 911 380 s
935 327 1191 382 omnibus
1217 344 1351 398 pene
1378 330 1620 385 mcnbl‘is
1645 346 1793 385 mar-
1822 334 1873 411 Α.
1894 333 2074 389 manis
2091 333 2325 404 turpiter
2349 333 2657 404 expellitur,
2685 340 2739 388 et
2766 345 2836 389 ne
2864 331 3098 402 amplius
3123 332 3476 403 apostolicam

219 429 344 481 tirio
387 434 699 481 coronatur.
742 424 801 479 In
843 426 1164 480 Alemannis
1203 425 1329 481 Otto
1372 444 1577 495 comes,
1614 429 1794 498 impu-

217 520 567 575 dentissimus
587 519 815 584 adulter,
840 526 894 573 et
916 534 1015 589 pro
1037 519 1304 575 adulterio
1326 536 1358 575 a
1385 518 1794 576 Constantiensi

245 613 471 681 piscopo
517 610 1042 675 excommunicatus,
1092 609 1186 666 Dei
1224 611 1432 681 judicio
1478 612 1796 682 turpissime

234 703 513 757 lceollatur
547 718 578 756 a
607 702 871 756 militibus
900 700 1158 757 Ludovici
1191 703 1429 770 comitis,
1464 703 1623 772 cujus
1650 717 1792 756 uxo-

217 809 328 847 rem
359 792 592 863 publicis
632 791 858 861 nuptiis,
890 807 955 845 eo
990 790 1221 857 vivente,
1256 791 1361 847 sibi
1406 790 1795 846 nefandissime

212 885 515 954 ecpulavit;
549 883 643 954 qui
686 884 828 953 apud
856 883 1249 937 monasterium
1291 880 1366 937 in'
1388 883 1592 953 praedio
1621 883 1794 952 ipsius

212 984 585 1031 constructum
623 989 653 1028 a
698 975 815 1029 suis
858 974 1121 1043 sepultus,
1149 974 1307 1044 jussu
1353 974 1793 1030 Constantiensis

212 1067 450 1137 episcopi
481 1066 718 1136 ejicitur,
742 1074 814 1130 et,
840 1073 901 1121 ut
927 1066 1192 1135 scriptum
1228 1074 1332 1131 est,
1356 1067 1423 1121 ad
1452 1067 1792 1136 sepulturam

210 1159 350 1213 asini
388 1159 698 1228 deputatur.
730 1156 927 1212 Milites
953 1173 1171 1228 quoque
1205 1158 1326 1228 ejus
1350 1173 1481 1227 opes
1515 1158 1685 1228 ipsius
1718 1158 1795 1212 di-

211 1250 518 1318 ripuerunt,
542 1257 596 1303 et
632 1258 745 1303 tam
776 1249 1037 1303 allodium
1082 1250 1202 1318 ejus
1236 1265 1402 1319 quam
1429 1248 1648 1304 feodum
1681 1264 1793 1303 non

211 1339 436 1395 heredes
462 1340 656 1410 ipsius,
691 1349 774 1395 set
793 1338 1038 1394 extranei
1066 1340 1446 1410 possederunt,
1470 1340 1624 1410 juxta
1646 1340 1793 1410 quod

210 1430 263 1483 in
304 1429 782 1484 maledictionibus
815 1428 968 1484 Iudae
997 1431 1394 1500 prophetatur:
1426 1429 1498 1483 Et
1534 1432 1793 1501 diripiant

208 1520 367 1573 aiieni
402 1520 607 1575 labores
650 1521 765 1590 ejus
814 1521 989 1593 (Paul.
1034 1538 1184 1589 cvm,
1221 1522 1329 1592 Η).
1382 1522 1471 1577 Sic
1514 1522 1701 1593 utique
1739 1532 1794 1579 et

208 1622 329 1681 post
354 1622 586 1667 mortem
614 1628 772 1668 suam
798 1613 854 1666 in
889 1614 1170 1683 sepultura
1207 1622 1261 1668 et
1291 1613 1347 1668 in
1371 1614 1673 1684 direptione
1701 1630 1789 1669 re-

1893 425 2077 481 sedem
2122 425 2380 480 invadere
2428 433 2750 495 przesumat,
2794 422 3110 495 juramento
3158 426 3478 495 promittere

1892 518 2255 586 compellitur.
2309 515 2402 571 Set
2442 518 2556 587 jam
2598 517 2997 587 aliquantulum
3032 517 3289 572 diuturna
3322 518 3475 588 regni

1891 606 2167 661 discordia
2217 606 2360 662 inter
2395 608 2694 663 catholicos
2733 616 2789 662 et
2832 607 3174 663 scismaticos
3203 614 3479 678 tepescere

1894 698 2056 766 cepit,
2091 706 2153 751 ut
2192 713 2301 753 non
2343 699 2458 768 jam
2508 700 2709 755 bellum
2752 699 2819 754 ad
2859 700 3115 767 invicem,
3161 699 3251 754 sed
3287 715 3477 770 pacem

1892 800 2220 857 componere
2260 790 2448 844 sanius
2481 790 2809 859 judicarent.
2845 788 3186 860 Quapropter
3224 790 3392 844 duces
3425 800 3482 844 et

1892 877 2122 933 comites
2147 880 2320 935 sancti
2342 879 2487 935 Petri
2510 881 2693 937 ﬁdeles
2718 897 2841 937 cum
2866 881 3120 936 Heinrico
3144 881 3475 950 colloquium

1892 969 2223 1035 habuerunt,
2270 972 2430 1041 eique
2480 989 2640 1028 suum
2680 974 2968 1028 consilium
3011 981 3066 1027 et
3105 973 3367 1027 auxilium
3410 973 3480 1027 ad

1893 1060 2248 1116 obtinendum
2272 1078 2498 1132 regnum
2522 1063 2836 1119 ﬁrmissime
2859 1064 3249 1134 promiserunt,
3275 1062 3321 1118 si
3347 1063 3479 1117 Gui-

1891 1154 2104 1208 bertum
2144 1153 2551 1210 heresiarcham
2594 1156 2751 1211 vellet
2787 1156 3078 1221 dimittere,
3125 1164 3178 1210 et
3222 1155 3289 1210 ad
3322 1155 3479 1209 mele-

1893 1245 2171 1300 siasticam
2203 1248 2647 1303 communionem
2697 1266 2795 1320 per
2829 1249 3159 1304 catholicum
3202 1257 3477 1319 pastorem

1892 1350 2155 1390 remeare.
2186 1335 2365 1403 Quam
2405 1338 2624 1408 quidem
2653 1339 3023 1393 conditionem
3054 1354 3156 1393 nec
3191 1338 3307 1408 ipse
3337 1338 3479 1392 mul-

1893 1432 2007 1479 tum
2037 1437 2319 1496 respueret
2349 1427 2440 1494 '°°,
2472 1429 2519 1483 si
2545 1436 2729 1483 tamen
2762 1429 2817 1483 in
2854 1429 2961 1484 hoc
2997 1429 3048 1485 ei
3090 1429 3364 1500 principes
3394 1430 3478 1486 sui

1892 1518 2158 1573 assentire
2186 1520 2404 1587 vellent,
2429 1520 2680 1576 videlicet
2706 1521 2949 1592 episcopi
2975 1521 3068 1592 qui
3093 1526 3167 1587 fse
3194 1537 3319 1576 cum
3348 1520 3482 1575 Gui-

1891 1606 2048 1662 berto
2076 1607 2428 1679 deponendos
2461 1625 2582 1666 esse
2629 1627 2740 1666 non
2782 1612 3185 1677 dubitaverunt,
3233 1627 3299 1667 eo
3334 1611 3495 1681 quod‘

208 1719 328 1758 rum
378 1720 606 1759 suarum
642 1704 1051 1761 evidentissime
1096 1705 1353 1760 indicavit
1400 1722 1565 1777 quam
1613 1706 1793 1762 enica-
1825 1695 1866 1750 Β
1894 1698 1948 1752 in
1969 1700 2089 1769 ejus
2115 1708 2266 1770 parte
2289 1702 2711 1770 ordinationem,
2737 1704 2907 1759 immo
2933 1704 3334 1759 execrationem
3358 1719 3481 1773 pcr-

208 1796 338 1850 citer
380 1796 707 1851 sententiam
757 1796 1342 1851 excommunicationis
1385 1796 1679 1867 exceperit.
1732 1795 1789 1851 In

208 1886 353 1942 Italia
401 1887 746 1943 nobilissima
786 1887 858 1919 ⁸⁰³
903 1888 1014 1942 dux
1059 1887 1333 1943 Mathildis
1374 1888 1486 1942 ﬁlia
1527 1887 1792 1944 Bonifacii

207 1979 562 2045 marcbionis,
589 1979 682 2033 sed
706 1980 871 2034 vidua
899 1977 1161 2035 Gotefridi
1197 1980 1371 2047 ducis,
1405 1978 1646 2037 Welfoni
1665 1980 1792 2035 duci

206 2071 314 2126 ﬁlio
349 2068 620 2125 Welfonis
654 2070 811 2125 ducis
834 2071 1091 2141 conjugio
1136 2072 1443 2140 copulatur,
1469 2080 1527 2126 et
1557 2072 1664 2128 hoc
1692 2072 1794 2126 uti-

205 2177 308 2232 que
340 2168 453 2217 ntm
497 2172 609 2217 tam
650 2178 751 2233 pro
789 2164 1181 2219 incontinentia
1225 2179 1388 2235 quam
1421 2180 1521 2234 pro
1560 2163 1788 2219 Romani

204 2254 480 2322 pontiﬁcis
508 2254 838 2321 obedientia,
877 2255 1128 2310 videlicet
1152 2264 1213 2310 ut
1242 2263 1395 2311 tanto
1424 2256 1639 2312 virilius
1665 2272 1793 2311 satis

202 2354 299 2400 cae
324 2344 592 2400 Romana:
613 2346 840 2402 :eclesiaa
863 2355 1054 2402 contra
1076 2348 1583 2402 excommunicatos
1611 2355 1794 2417 posset

206 2437 514 2493 subvenire.
542 2437 647 2504 Qui
678 2438 864 2494 statim
892 2440 1153 2494 maritum
1180 2439 1300 2509 ejus
1328 2439 1587 2510 impetere
1604 2439 1766 2494 volue

209 2536 363 2597 runt,
403 2538 486 2585 set
511 2545 639 2584 cum
665 2529 715 2585 ei
746 2530 1005 2586 resistere
1043 2545 1154 2585 non
1196 2538 1448 2601 possent;
1477 2537 1697 2586 trcuvas
1723 2532 1793 2585 ab

209 2633 273 2673 eo
305 2633 478 2690 usque
506 2619 563 2673 in
606 2619 811 2688 pascha
852 2634 950 2689 per
976 2620 1343 2674 interventum
1383 2619 1632 2689 conjugis
1673 2620 1795 2689 ejus

209 2709 656 2781 impetraverunt.
702 2710 993 2766 Heinricus
1030 2727 1124 2765 rex
1158 2711 1336 2765 dictus
1365 2709 1437 2742 m
1469 2711 1699 2764 multum
1727 2710 1793 2766 de

208 2802 458 2871 praedicto
485 2802 745 2874 coniugio
769 2804 1044 2871 tristatur;
1072 2804 1168 2873 qui
1192 2804 1391 2858 iterum
1415 2803 1472 2858 in
1497 2802 1793 2859 Saxoniam

209 2907 329 2946 cum
354 2893 699 2964 expeditione
719 2891 1020 2963 profectus,
1046 2893 1165 2948 sine
1188 2893 1397 2948 honore
1420 2893 1620 2948 reverti
1643 2908 1794 2948 com-

207 2983 434 3052 pellitur.
468 2983 668 3039 Petrus
694 2984 795 3054 βίω
821 2985 1100 3040 memoriae
1128 2983 1455 3040 Albanensis
1481 2984 1791 3054 episcopus,

208 3074 262 3128 in
294 3075 363 3107 ’θ’
384 3090 555 3131 causa
580 3076 757 3131 sancti
783 3075 929 3131 Petri
959 3074 1414 3142 ferventissimus,
1444 3076 1700 3147 migravit
1724 3076 1794 3130 ad

210 3164 520 3222 Dominum.
564 3166 665 3221 Hic
705 3167 777 3200 ⁸⁸⁸
804 3174 891 3223 est
932 3167 1023 3221 ille
1063 3165 1278 3234 Petrus,
1310 3168 1405 3237 qui
1428 3156 1650 3221 Petrum
1690 3165 1809 3235 Pa—;

206 3256 467 3325 piensem,
513 3255 816 3312 Florentini
849 3257 1558 3327 episcopatusinvasorem,
1588 3272 1684 3327 per
1703 3257 1794 3328 ju-

204 3347 401 3404 dicium
448 3350 597 3421 ignis
641 3350 1008 3405 simoniacnm
1056 3363 1181 3404 esse
1231 3348 1508 3420 probavit,
1554 3349 1699 3405 unde
1740 3360 1795 3404 ct

205 3440 456 3512 deinceps
478 3443 636 3496 illum
659 3450 847 3497 sancta
878 3442 1094 3497 aeclesia
1116 3441 1334 3513 igneum
1364 3440 1788 3513 cognominavit.

202 3529 334 3588 Nam
371 3548 632 3606 magnam
665 3533 842 3604 piram
889 3534 1211 3589 ﬁducialiter
1239 3533 1540 3604 ingressus,
1587 3534 1793 3604 absque

203 3625 349 3679 omni
388 3627 602 3682 lesione
640 3627 976 3697 pertransiit,
1019 3634 1079 3681 ut
1112 3634 1167 3682 et
1206 3626 1439 3682 flammae
1461 3635 1639 3683 vestes
1672 3628 1791 3698 ejus

203 3733 395 3774 susum
428 3720 780 3789 ventilarent,
828 3737 931 3776 nec
968 3730 1149 3777 tamen
1192 3722 1334 3790 illas,
1377 3724 1578 3779 nedum
1609 3724 1788 3794 ipsum

203 3808 383 3879 aliquo
408 3812 577 3867 modo
599 3813 839 3867 [ederent
869 3813 1073 3883 (1571).
1106 3812 1262 3869 Unde
1282 3823 1336 3869 et
1363 3814 1657 3885 praedictus
1686 3815 1791 3870 Pa-

201 3899 405 3970 piensis
439 3901 637 3958 Petrus
668 3904 736 3958 ab
757 3903 1066 3958 Alexandro
1113 3918 1250 3973 papa
1281 3903 1605 3973 deponitur;
1654 3904 1791 3959 alter

201 4000 382 4049 autem
425 3993 648 4061 Petrus,
679 3995 1014 4066 pauperrimi
1043 3993 1115 4026 ⁸⁹⁷
1149 3995 1472 4049 monasterii
1506 4002 1638 4049 tunc
1671 4008 1789 4049 mo-

200 4084 440 4151 nachus,
489 4085 546 4140 in
594 4085 957 4142 Albanensem
1012 4085 1385 4156 episcopatum
1436 4086 1783 4141 sublimatur.

200 4171 329 4229 Erat
356 4176 505 4231 enim
538 4186 704 4232 tantae
744 4177 1067 4241 sanctitatis,
1105 4177 1427 4232 constantia:
1456 4186 1510 4232 et
1544 4177 1690 4243 ﬁdei,
1726 4183 1789 4233 ut

198 4266 288 4320 vix
316 4268 521 4339 aliquis
555 4270 640 4325 sui
675 4269 939 4340 temporis
966 4269 1018 4324 ei
1052 4269 1292 4340 potuerit
1326 4269 1658 4340 comparari.
1687 4267 1788 4326 Hic

197 4370 327 4427 ergo
353 4359 421 4414 de
462 4360 568 4415 hac
603 4361 713 4416 vita
745 4361 1050 4427 discedens,
1086 4376 1345 4431 magnum
1388 4356 1657 4416 mererem
1694 4378 1787 4417 ca-

202 4446 416 4504 tholicis
439 4450 693 4520 reliquit.
725 4450 970 4507 Domnus
1010 4467 1149 4522 papa
1192 4450 1449 4507 Urbanus
1481 4454 1785 4523 generalem

201 4537 452 4595 sinodum
504 4542 604 4598 “5
638 4543 1022 4615 episcoporum
1062 4544 1298 4614 collegit,
1337 4554 1393 4599 et
1435 4544 1801 4603 ecclesiastica

201 4634 401 4685 statuta
443 4647 674 4687 suorum
716 4634 1174 4702 prcedeCessorum
1213 4634 1510 4702 apostolica
1551 4637 1788 4691 auctori-

201 4723 309 4774 tate
345 4720 603 4781 ﬁrmavit.
640 4721 935 4779 Guibcrtus
970 4732 1153 4779 autem
1190 4725 1567 4781 hercsiarehes
1612 4741 1645 4780 a
1675 4724 1787 4780 Ro-

1893 1800 2173 1860 ceperunt.
2214 1789 2281 1845 Hi
2306 1807 2438 1864 ergo
2478 1794 2529 1848 ei
2558 1793 2774 1865 penitus
2801 1795 2904 1850 hac
2932 1795 3051 1849 vice
3076 1794 3493 1859 dissuascrunt,-

1894 1896 1961 1936 ne
2009 1890 2213 1939 sancta:
2253 1884 2416 1939 matri
2465 1886 2694 1942 teclesite
2727 1887 3192 1942 reconciliaretur.
3237 1883 3481 1939 Domnus

1893 1987 2030 2043 papa
2064 1974 2727 2047 Constantinopolitanum
2761 1979 3143 2050 imperatorem
3184 1978 3253 2011 ⁸⁰⁹
3288 1978 3357 2033 ab
3385 1993 3481 2033 ex—

1893 2068 2390 2124 communicatione
2418 2087 2514 2141 per
2549 2071 2758 2143 legatos
2784 2089 2916 2129 suos
2947 2072 3201 2139 absolvit,
3238 2071 3381 2127 idem
3411 2072 3463 2125 li-

1892 2166 2041 2215 teras
2083 2160 2317 2232 Philippi
2359 2165 2504 2235 regis
2542 2164 2883 2221 Francorum
2918 2166 3156 2221 debitam
3198 2165 3249 2221 ei
3293 2164 3479 2235 subje-

1895 2248 2097 2304 tionem
2119 2252 2488 2321 promittentis
2510 2256 2771 2325 suscepit.

2598 2366 2768 2425 MCX.

1963 2451 2021 2508 In
2055 2452 2300 2526 Bajoaria
2339 2457 2522 2514 ﬁdeles
2564 2459 2736 2514 sancti
2779 2458 2925 2515 Petri
2965 2459 3078 2529 jam
3121 2460 3257 2515 adeo
3292 2466 3484 2537 contra

1894 2546 2237 2603 seismaticos
2285 2549 2651 2616 invaluerunt,
2683 2552 2816 2605 utin
2851 2552 3235 2622 Salcburgcnsi
3257 2552 3485 2621 mpisco—

1893 2645 2020 2707 patu
2051 2640 2382 2695 catholicum
2414 2642 2730 2695 ordinarent
2764 2641 3236 2712 archiepiscopum
3264 2634 3493 2717 (1572);:

1893 2744 2055 2797 quem
2100 2730 2284 2784 statim
2331 2730 2779 2802 religiosissimus
2810 2730 3154 2786 Pataviensis
3191 2728 3495 2801 cpiscopus

1891 2828 1946 2875 et
1977 2818 2183 2876 Urbani
2210 2837 2362 2892 papa:
2395 2822 2606 2892 legatus
2641 2838 2767 2876 cum
2812 2821 3258 2894 Wirceburgensi
3281 2830 3335 2876 et
3362 2820 3484 2876 Fri-

1894 2911 2136 2981 singensi
2181 2913 2455 2983 episcopis
2504 2913 2841 2969 sollemniter
2892 2914 3253 2969 consecravit.
3308 2912 3481 2968 Herc-

1820 3034 1861 3090 c
1896 3018 2132 3058 manuus
2158 3004 2260 3074 pizn
2294 3007 2572 3061 memoriae
2615 3005 2873 3061 Metensis
2921 3006 3233 3075 episcopus,
3260 3015 3313 3060 ct
3348 3004 3474 3059 Ber-

1894 3091 2111 3146 tltaldus
2153 3092 2262 3148 dux
2303 3095 2668 3163 Alemannize,
2717 3096 2862 3151 ﬁlius
2908 3095 3158 3150 Roudolﬁ
3213 3096 3377 3166 regis,
3424 3096 3483 3151 in

1893 3181 2149 3238 ﬁdelitate
2183 3186 2358 3241 sancti
2395 3185 2542 3242 Petri
2584 3186 2725 3243 Maio
2759 3204 2947 3243 mense
2986 3188 3129 3243 diem
3174 3198 3478 3244 extremum

1891 3270 2158 3340 clausere,
2188 3289 2555 3347 magnumque
2588 3294 2858 3333 merorcm
2897 3278 3200 3345 catholicis,
3241 3286 3296 3333 ct
3322 3280 3481 3333 exul-

1891 3362 2154 3418 tationem
2187 3367 2515 3424 scismaticis
2556 3371 2845 3441 reliquere.
2894 3368 3062 3425 Soror
3101 3385 3319 3442 quoque
3343 3388 3477 3442 pra:-

1893 3448 1989 3505 fati
2015 3452 2192 3522 ducis,
2221 3457 2408 3527 regina
2452 3456 2802 3530 Uogarcrum
2843 3461 3050 3533 (1575),
3074 3462 3264 3517 eodem
3293 3480 3482 3520 mense

1891 3541 2044 3598 obiit.
2084 3544 2160 3600 Ex
2205 3557 2357 3617 parte
2390 3560 2571 3607 autem
2620 3554 3220 3609 excommunicatorum
3249 3556 3319 3588 ⁸¹⁰
3347 3555 3480 3610 Lui-

1893 3635 2072 3693 toldus
2097 3638 2165 3671 '“
2196 3641 2307 3696 dux
2344 3641 2755 3701 Carinthiorum
2807 3647 3086 3717 inopinata
3122 3657 3296 3703 morte
3338 3665 3482 3718 prae-1

1890 3726 2109 3797 ripitur,
2137 3746 2263 3785 cum
2296 3736 2611 3804 nuperrime
2655 3747 2846 3793 contra
2893 3738 2975 3794 fas
3001 3748 3055 3794 et
3069 3739 3161 3809 jus
3199 3739 3480 3811 repudiata

1889 3822 2108 3889 propria
2158 3839 2329 3879 uxore
2379 3827 2543 3881 aliam
2590 3831 3062 3899 superinduxcrit,
3100 3831 3364 3887 Guiberto
3408 3833 3479 3864 “'

1889 3911 2108 3978 quidem
2149 3913 2500 3973 heresiarcha
2544 3920 2649 3975 hoc
2682 3922 2733 3975 ei
2768 3922 3118 3978 concedente.
3149 3922 3480 3994 Eggebertus

1888 4015 2109 4071 quoque
2130 4005 2376 4061 marchio
2398 4007 2464 4062 de
2489 4008 2745 4077 Saxonia,
2772 4011 2826 4065 in
2852 4010 2922 4043 ⁵¹³
2947 4027 3112 4066 causa
3136 4013 3310 4068 sancti
3334 4008 3483 4075 Petri

1889 4092 2023 4147 satis
2059 4102 2356 4151 strcnnuus
2377 4130 2445 4138 —
2468 4100 2595 4155 dolo
2626 4101 2910 4170 cujusdam
2938 4103 3227 4158 abbatissa:
3254 4105 3320 4159 de
3345 4103 3481 4171 Qui-

1888 4181 2193 4255 telineburg
2222 4185 2426 4258 (1574),
2459 4190 2665 4244 sororis
2694 4189 2918 4261 inquam
2948 4189 3186 4246 Heinrici
3219 4193 3381 4263 regis,
3421 4202 3482 4249 ut

1886 4274 2042 4329 aiunt
2062 4305 2130 4314 —-
2155 4291 2250 4345 per
2287 4278 2513 4335 insidias
2535 4282 2821 4337 occiditur.
2858 4282 3103 4338 Domnus
3133 4299 3269 4354 papa
3298 4283 3478 4339 Urba-

1891 4378 1996 4418 nus
2040 4363 2113 4395 ""
2154 4368 2459 4436 generalem
2508 4370 2762 4426 sinodum
2814 4373 3086 4444 episcopis
3135 4373 3477 4430 diversarum

1888 4454 2295 4525 provinciarum
2337 4473 2434 4528 per
2460 4462 2670 4533 legatos
2708 4479 2841 4518 suos
2889 4462 2947 4519 in
2976 4464 3249 4519 Tolosana
3293 4464 3479 4536 (1575)

1889 4547 2108 4602 civitate
2142 4547 2287 4604 circa
2322 4560 2673 4619 pentecostcn
2716 4555 2952 4625 collegit,
2999 4555 3182 4624 ibique
3216 4556 3392 4614 multa
3426 4556 3490 4614 in‘

1888 4640 2257 4697 ecclesiasticis
2287 4646 2491 4711 causis,
2522 4662 2643 4715 qua:
2666 4649 2983 4716 corrigenda
3010 4657 3186 4716 erant,
3217 4653 3493 4709 correxit.-

1889 4730 1947 4786 ln
1974 4747 2083 4804 qua
2130 4732 2323 4789 sinodo
2349 4735 2658 4794 Tolosanus
2687 4739 2975 4811 episcopus
3008 4739 3190 4813 (1576)
3219 4739 3288 4793 de
3319 4742 3501 4803 illatis

1443 4859 1679 4915 VARI/li
1724 4848 2129 4923 LECTIONES.

268 4971 337 5003 ¹⁰³
368 4989 422 5026 ιι.
452 4972 506 5043 d.
544 4973 737 5043 desunt
764 4974 799 5028 2
872 4973 942 5006 5“
964 4974 1103 5028 deest
1137 4974 1189 5043 2.
1269 4974 1342 5006 ⁵⁸⁸
1375 4975 1410 5030 i.
1453 4991 1504 5028 c.
1534 4990 1579 5029 s.
1614 4972 1675 5027 P.
1705 4971 1743 5028 ἰ.
1770 4977 1958 5035 desunt
1977 4981 2039 5036 2.
2118 4978 2190 5011 ⁸⁰⁶
2213 4978 2407 5033 Hie—
2427 4980 2717 5039 catholicis
2740 4982 2967 5043 reliquit
2992 4984 3179 5037 desunt
3200 4984 3255 5038 2.

3349 4997 3438 5037 ³91
3470 5011 3511 5068 β

200 5049 339 5135 m.Jt.
374 5042 535 5135 magn
569 5042 688 5135 (om
710 5062 827 5126 raso
860 5044 907 5099 1.
933 5046 1069 5135 ’ῃδοε
1092 5046 1146 5098 in
1172 5042 1286 5135 loco
1325 5060 1451 5135 ras:
1491 5044 1688 5135 l._-”’°J°
1723 5061 1908 5119 regem
1941 5052 1994 5109 2.
2074 5048 2144 5081 “°
2166 5051 2309 5123 regis
2341 5050 2398 5106 2.
2480 5053 2550 5086 '“
2578 5051 2835 5109 lvitolduf
2861 5042 2933 5112 ἰζ
2992 5054 3064 5087 ⁸³³
3091 5051 3155 5108 G.
3179 5069 3236 5124 q.
3264 5054 3336 5117 ιι.
3394 5042 3522 5135 διὸ

200 5124 247 5164 c.
277 5111 459 5167 desunt
480 5112 535 5166 2.

263 5310 436 5381 (l5?!)
583 5328 743 5381 supra
779 5289 847 5368 ad
882 5328 967 5365 an.
1011 5310 1166 5368 1030.

619 5114 689 5145 ⁵³³
717 5114 754 5168 i.
787 5133 836 5170 c.
868 5130 913 5168 s.
948 5112 1006 5169 Ρ.
1033 5132 1077 5172 s.
1107 5132 1153 5169 s.
1186 5113 1382 5169 desunt
1407 5115 1460 5169 ‘2.
1537 5116 1609 5148 m
1644 5112 1813 5171 deest“
1831 5124 1888 5182 2,

1697 5226 1933 5299 Noua.

263 5320 436 5395 (1:732!)
483 5320 539 5362 ν.
572 5328 743 5392 supra
781 5320 847 5368 ad
882 5328 967 5365 an.
1011 5320 1166 5399 10-30.
1784 5335 1799 5345 ’
1889 5332 2188 5389 Gerbertus
2219 5320 2353 5377 Hist.
2392 5324 2558 5381 Silva:
2583 5321 2764 5393 Nigra:
2796 5332 2835 5379 t.
2883 5327 2925 5395 l,
2955 5344 3009 5399 p.
3038 5324 3164 5388 235,
3193 5332 3247 5381 et
3294 5327 3380 5391 in
3442 5352 3532 5401 ιη

261 5379 832 5474 (Βρὶὴῖῐῖιρμιριιουι
862 5381 915 5436 S.
943 5382 1082 5439 Petri
1108 5381 1373 5443 abbatem
1400 5405 1471 5444 vn
1495 5389 1571 5446 ld.
1598 5391 1793 5462 April.»
1888 5412 2038 5461 ctam
2063 5392 2448 5474 ge‘Rudolplro
2464 5405 2521 5451 et
2544 5394 2758 5449 familia
2781 5393 3211 5456 lllteinfeldcnsi.
3237 5391 3430 5470 Uss‘

1888 5412 2038 5461 ctatu
2063 5392 2448 5474 de‘Rudolplro
2464 5405 2521 5451 et
2544 5391 2758 5449 familia
2781 5391 3211 5456 llltein'feldcnsi.
3237 5391 3386 5461 Uss
3400 5455 3430 5470 δ
