3996 5474
438 181 577 236 1405

1427 180 1518 234 AD
1557 180 1787 236 OPERA
1825 182 1882 236 S.
1925 181 2254 238 GREGORII
2286 179 2728 236 APPENDICES.

3569 178 3594 230 Ι
3605 179 3708 232 4οι

437 293 759 351 criminibus
803 291 1066 348 canonice
1087 300 1440 362 expurgatur,
1478 301 1530 347 et
1567 293 1764 365 legatio
1791 309 1890 364 pro
1935 310 2021 348 re-
2051 297 2096 352 Α
2120 304 2333 352 verunt.
2369 294 2614 350 Domnus
2646 308 2786 364 papa
2821 289 3074 346 Urbanus
3109 291 3416 361 generalem
3453 289 3704 344 sinodum

438 387 736 442 stam-anda
773 385 1170 440 cbristianitate
1216 384 1272 437 in
1312 383 1568 440 Toletana
1611 385 1849 452 civitate,
1895 401 2018 456 rege

438 479 810 550 Hispanorum
836 479 941 532 hoc
982 477 1340 547 supplicante,
1375 478 1679 535 destinatur
1716 475 1806 534 ⁸’¹⁸.
1839 479 2018 536 Well'o

439 571 550 626 dux
571 569 738 624 Italia:
767 569 937 623 multa
979 567 1227 622 incendia
1254 577 1308 623 et
1336 569 1765 640 deprmdationcs
1789 589 1820 627 a
1849 571 2017 628 Hein-

442 663 556 716 rico
579 675 702 730 rege
727 661 828 714 hoc
849 659 903 713 in
933 675 1078 714 anno
1099 659 1168 690 m
1191 659 1626 732 Longobardiam
1647 664 1893 734 ingresso
1917 680 2018 734 pa-

442 753 602 816 titur;
629 749 722 804 sed
753 749 1043 804 adhortatu
1070 750 1285 805 domnae
1308 751 1376 782 ⁸⁸⁷
1401 751 1674 809 Mathildis
1693 753 1762 786 ⁸¹⁸
1781 769 1895 809 suae
1924 752 2019 808 ka-

442 840 674 896 rissimaz
703 838 952 909 conjugis
981 839 1156 894 eidem
1194 837 1450 896 lleinrico
1487 842 1760 909 resistere,
1780 850 1836 896 et
1858 842 1928 874 "’
1964 841 2020 896 in

443 930 697 984 ﬁdelitate
738 929 914 984 sancti
953 928 1098 984 Petri
1125 931 1419 1000 persistere
1448 931 1679 987 viriliter
1718 933 2016 988 contendit.

442 1019 557 1075 Hoc
583 1033 728 1074 anno
758 1035 954 1090 magna
982 1019 1156 1076 fames
1181 1022 1382 1077 multas
1410 1023 1661 1094 regiones
1685 1032 1906 1093 repente
1940 1024 2023 1079 af-

441 1110 600 1176 ﬂixit,
628 1110 860 1180 quanvis
885 1125 995 1165 non
1028 1127 1224 1182 magna
1253 1113 1510 1168 sterilitas
1544 1124 1704 1168 terra:
1729 1130 2022 1184 praecesse-

443 1199 515 1253 rit
535 1199 626 1252 "°.
651 1199 917 1254 Adelbcro
935 1201 1243 1256 reverendae
1260 1203 1536 1257 memoriae
1554 1202 2022 1277 Wirceburgensis

443 1290 754 1360 episcopus,
783 1307 926 1345 unus
945 1291 1011 1346 de
1036 1293 1438 1362 antiquioribus
1471 1293 1762 1366 episcopis,
1781 1296 1837 1350 in
1857 1312 2022 1352 causa

446 1383 622 1437 sancti
654 1381 802 1438 Petri
835 1393 1028 1438 contra
1049 1385 1118 1416 5“
1145 1383 1464 1440 Guibertum
1493 1395 1548 1440 et
1583 1385 1704 1455 ejus
1733 1386 2026 1456 complices

445 1475 881 1539 strenuissimus,
931 1485 1058 1547 post
1094 1477 1264 1532 multa
1312 1478 1573 1548 pericula,
1619 1480 2026 1548 persecutiones

445 1577 501 1624 et
522 1569 702 1636 exilia,
732 1586 854 1640 qua:
875 1587 975 1640 pro
995 1570 1215 1626 Christo
1237 1572 1595 1628 libentissime
1615 1588 1812 1642 passus
1837 1581 1942 1638 est,
1969 1573 2022 1626 in

445 1662 589 1716 bona
620 1661 962 1718 confessione
1000 1663 1142 1718 diem
1179 1665 1375 1720 clausit
1410 1631 1714 1719 extremum
1761 1662 1906 1734 (Oct.
1929 1631 2022 1736 '6),
2059 1631 2100 1686 Β

446 1751 502 1807 in
525 1753 728 1824 praedio
749 1769 850 1808 suo
879 1755 1024 1824 quod
1048 1753 1302 1810 Lanbach
1331 1754 1514 1826 (1577)
1539 1762 1766 1810 vocatur
1790 1755 1880 1810 ³¹¹².

1142 1845 1332 1902 MCXI.

516 1935 765 1991 Domnus
800 1951 939 2006 papa
978 1951 1042 1992 eo
1068 1945 1311 2006 tempore
1344 1936 1399 1990 in
1444 1935 1692 2006 partibus
1717 1935 2030 2006 Campaniae

446 2027 785 2094 morabatur,
842 2036 896 2082 et
949 2028 1018 2082 ab
1066 2028 1321 2082 omnibus
1365 2026 1650 2082 catholicis
1701 2027 1883 2082 debita
1937 2043 2026 2083 re-

446 2119 689 2173 verentia
753 2119 1066 2184 colebatur,
1130 2119 1374 2174 videlicet
1427 2136 1460 2174 a
1522 2117 2030 2189 Constantinopoli-

447 2217 578 2263 tano
629 2209 976 2279 imperatore,
1029 2218 1084 2264 et
1132 2225 1160 2262 a
1212 2208 1461 2279 Philippo
1500 2207 1838 2263 Francorum
1883 2225 2030 2280 rege,

448 2299 678 2370 aliisque
747 2301 1088 2354 diversorum
1163 2316 1456 2370 regnorum
1520 2300 1858 2370 principibus
1920 2309 2034 2357 tam

448 2391 815 2446 zeclesiasticis
863 2407 1028 2462 quam
1083 2391 1450 2458 secnlaribus,
1503 2401 1728 2461 excepto
1785 2391 1839 2444 in
1887 2389 2032 2446 Teu-

449 2485 758 2540 tonicorum
799 2500 988 2556 regno,
1025 2485 1117 2539 ubi
1171 2485 1324 2538 multi
1373 2501 1440 2538 ex
1483 2483 1766 2540 catholicis
1814 2484 1868 2538 in
1911 2499 2036 2554 par-

450 2584 561 2630 tem
586 2575 1183 2630 excommunicatorum
1209 2574 1444 2628 avaricia
1473 2573 1681 2643 decepti
1716 2582 1908 2643 sponte
1937 2587 2036 2626 sua

452 2681 510 2720 se
532 2667 945 2721 transtulerunt.
981 2663 1214 2719 Romani
1241 2680 1459 2734 quoque
1481 2673 1688 2719 turrem
1715 2662 2034 2729 Crescentii,

452 2774 576 2828 quae
601 2766 826 2814 eatenus
846 2759 1048 2813 domno
1071 2773 1224 2828 papa:
1251 2756 1555 2824 obediebat,
1577 2756 1700 2811 dolo
1725 2763 1937 2824 captam
1963 2753 2041 2809 di-

455 2867 612 2906 ruere
643 2858 1064 2920 temptaverunt.
1089 2849 1354 2904 Dominus
1382 2859 1562 2903 autem
1585 2863 1722 2918 papa
1751 2846 1908 2902 facile
1936 2845 2041 2900 Ro-

455 2959 601 2998 mam
627 2959 752 2998 cum
773 2943 1012 2997 exercitu
1027 2943 1250 3009 intrare,
1271 2951 1323 2996 et
1339 2940 1618 2996 rebellium
1638 2939 2039 2994 contumaciam

455 3036 680 3090 domare
702 3035 987 3106 potuisset,
1033 3035 1079 3088 si
1119 3050 1226 3088 non
1263 3033 1435 3104 magis
1468 3047 1594 3086 cum
1623 3030 2044 3087 mansuetudine

457 3143 681 3183 causam
705 3143 858 3181 suam
889 3142 1046 3198 agerc
1059 3125 1364 3196 delegisset.
1389 3124 1722 3195 Eotempore
1742 3123 2042 3191 Mantuani,

458 3219 715 3276 diuturna
761 3218 1042 3274 obsidione
1073 3234 1100 3272 a
1134 3217 1386 3272 Hcinrico
1422 3232 1547 3288 rege
1571 3217 1684 3287 jam
1713 3232 1810 3287 per
1837 3229 2041 3270 annum

460 3312 763 3377 constricti,
796 3328 825 3366 a
848 3311 1070 3366 domino
1095 3327 1196 3366 suo
1223 3309 1472 3366 Well‘one
1497 3309 1635 3364 duce
1650 3309 2042 3373 discesserunt,

462 3412 516 3458 et
540 3420 598 3458 se
619 3412 671 3458 et
695 3403 970 3458 civitatem
1005 3419 1162 3457 suam
1191 3418 1292 3458 suo
1320 3402 1650 3457 devastatori
1686 3401 2043 3456 tradiderunt.

465 3493 698 3548 Romani
725 3510 942 3564 quoque
963 3494 1282 3548 Guibcrtum
1302 3493 1728 3560 heresiarcham,
1749 3507 1912 3562 quem
1933 3489 2046 3562 jam

465 3583 673 3638 dudum
701 3585 1046 3653 expulerunt,
1085 3585 1283 3639 iterum
1324 3584 1554 3638 Romam
1584 3583 1808 3650 intrare,
1835 3591 1890 3637 et
1919 3598 2049 3636 san-

467 3685 611 3730 ctam
633 3677 934 3732 tecclesiam
972 3677 1089 3733 suis
1123 3694 1230 3732 non
1263 3676 1734 3732 benedictionibus
1759 3685 1840 3731 set
1879 3675 2052 3730 male~

467 3767 801 3824 dictionibus
847 3769 1106 3826 infestare
1157 3771 1540 3840 permiserunt.
1590 3767 1835 3839 Capuani
1879 3765 2052 3822 Nord-

469 3875 702 3918 mannos
744 3862 811 3918 de
863 3862 1048 3934 Capua
1095 3865 1438 3934 expulerunt,
1483 3861 1685 3933 quibus
1723 3862 1838 3932 jam
1878 3853 2051 3914 multo

467 3958 710 4022 tempore
743 3955 846 4009 sub
869 3955 1117 4024 pluribus
1140 3956 1454 4026 apostolicis
1495 3963 1549 4009 et
1577 3954 1796 4024 regibus
1823 3950 2051 4022 subjecti

468 4042 707 4101 fuerunt.
763 4046 918 4103 Unde
975 4058 1028 4104 et
1082 4048 1418 4105 Nordmanni
1477 4063 1574 4102 cos
1627 4047 2053 4115 circumquaque

470 4151 645 4207 usque
659 4139 727 4194 ad
751 4156 972 4196 murum
999 4142 1236 4198 civitatis
1261 4140 1439 4212 prreda
1459 4147 1514 4194 ct
1537 4137 1788 4193 incendio
1811 4135 2055 4191 devasta-

2117 388 2406 444 Beneventi
2434 387 2616 458 (1578)
2661 385 2876 456 collegit
2923 381 3109 453 (Mart.
3143 384 3258 452 28),
3302 393 3358 438 et
3381 383 3706 437 sententiam

2119 478 2478 534 anathematis
2513 492 2673 546 super
2702 475 3022 531 Guibertum
3063 475 3469 529 heresiarcham
3505 482 3561 528 et
3591 489 3710 528 om-

2119 586 2217 626 nes
2245 571 2364 640 ejus
2391 569 2686 640 complices
2714 562 2958 622 'sinodali
2991 565 3199 637 judicio
3243 565 3590 621 confirmavit
3616 565 3706 598 “’-

2119 661 2428 716 Fridericus
2455 661 2526 692 ⁸¹⁸
2545 674 2731 715 comes
2749 667 2804 714 et
2828 657 3074 712 marchio
3092 657 3146 711 5.
3171 656 3291 711 Kal.
3314 655 3424 710 Jul.
3441 655 3710 725 requievit

2121 753 2180 809 in
2199 753 2434 808 Domino
2467 751 2558 807 m.
2595 751 2962 806 Willihelmus
3008 749 3112 819 pia:
3159 749 3438 802 memoriae
3483 747 3712 801 Hii-sau-

2122 845 2326 917 giensis
2359 846 2548 911 abbas,
2576 845 2630 899 in
2656 857 2822 899 causa
2855 841 3029 898 sancti
3060 839 3210 895 Petri
3246 838 3706 906 ferventissimus,

2121 947 2176 992 et
2203 937 2260 992 in
2282 937 2586 993 monastica
2617 935 2878 1005 religione
2916 933 3353 989 studiosissimus
3382 932 3486 998 "‘,
3522 943 3711 1002 utpote

2122 1031 2421 1088 multorum
2466 1037 2620 1100 pater
2647 1027 3126 1092 monasteriorum,
3173 1025 3226 1080 ’5.
3259 1021 3402 1078 Non.
3447 1023 3580 1077 Julii
3610 1023 3712 1077 mi-

2123 1125 2298 1196 gravit
2331 1124 2399 1179 ad
2429 1121 2744 1178 Dominum.
2773 1119 2873 1174 Hic
2901 1120 3140 1189 primum
3176 1115 3571 1186 Hirsaugiense
3593 1130 3710 1170 mo—

2125 1215 2424 1271 nasterium
2457 1223 2569 1268 tam
2593 1213 2647 1268 in
2678 1211 2920 1268 aediliciis
2953 1225 3118 1280 quam
3161 1209 3216 1263 in
3249 1207 3596 1280 regularibus
3630 1207 3712 1260 di-

2126 1307 2370 1378 sciplinis
2407 1305 2730 1362 mirabiliter
2775 1302 3052 1366 exaltavit,
3095 1301 3383 1370 ipsumque
3425 1297 3712 1368 privilegio

2126 1399 2272 1454 sedis
2296 1397 2608 1468 apostolica:
2626 1395 2730 1450 sub
2754 1393 3016 1465 Gregorio
3039 1407 3178 1463 papa
3205 1391 3261 1445 in
3287 1399 3616 1460 perpetuum
3644 1387 3710 1440 li-

2125 1490 2379 1546 bertavit.
2424 1487 2588 1542 Plura
2621 1487 2788 1542 etiam
2835 1484 3168 1540 monasteria
3211 1496 3612 1552 usquequaque
3645 1479 3707 1510 ⁸¹²

2127 1598 2194 1636 ex
2228 1582 2296 1614 ⁸³⁷
2319 1582 2528 1652 integro
2559 1579 2627 1612 "7
2654 1576 2962 1634 construxit
2995 1595 3007 1631 :
3043 1576 3151 1630 duo
3191 1575 3413 1644 quidem
3456 1573 3516 1627 in
3551 1569 3714 1640 Nigra

2128 1675 2296 1740 Silva,
2320 1689 2491 1728 unum
2531 1670 2707 1726 sancti
2741 1668 2980 1740 Georgii,
3013 1667 3242 1722 alterum
3282 1663 3462 1720 sancti
3507 1661 3712 1730 Grego-

2124 1767 2192 1822 rii
2217 1765 2420 1838 (I379),
2459 1764 2586 1818 item
2617 1760 2766 1816 aliud
2794 1760 2863 1814 ad
2905 1758 3186 1828 Duplicem
3221 1771 3420 1826 aquam
3452 1753 3525 1784 ⁸³⁸
3547 1766 3715 1822 prope

2126 1858 2456 1923 Danubium,
2483 1856 2610 1910 item
2640 1852 2788 1908 aliud
2811 1852 2866 1906 in
2897 1847 3346 1918 Wirceburgensi
3372 1847 3712 1917 episcopatu,

2126 1951 2182 2004 in
2204 1951 2326 2005 loco
2353 1948 2447 2020 qui
2475 1945 2782 2016 Chamberg
2822 1942 3041 1999 dicitur.
3078 1938 3458 2009 Scaphusense
3497 1950 3718 2006 quoque

2128 2041 2522 2098 monasterium
2555 2037 2624 2070 "9
2651 2045 2704 2090 et
2731 2033 3147 2089 Petrisbusense
3165 2071 3181 2098 ,
3213 2030 3271 2084 in
3295 2029 3416 2099 ripa
3442 2026 3584 2082 Rcui
3603 2027 3716 2094 jam

2129 2133 2335 2190 dudum
2381 2129 2664 2195 aediﬁcata,
2715 2124 3059 2196 regularibus
3109 2120 3413 2191 disciplinis
3457 2118 3713 2172 instituit.

2133 2225 2238 2280 Sed
2259 2233 2313 2278 et
2341 2222 2443 2278 alia
2467 2236 2629 2292 quam
2650 2219 2808 2290 plura
2831 2217 2886 2271 in
2917 2215 3146 2271 diversis
3167 2213 3487 2284 regionibus
3507 2219 3626 2264 tum
3649 2210 3714 2240 ⁸³⁸

2132 2333 2228 2389 per
2247 2331 2328 2382 se,
2354 2323 2468 2369 tum
2499 2313 2568 2344 "°
2596 2329 2690 2383 per
2717 2309 2824 2366 sibi
2851 2308 3126 2380 subjectos
3154 2306 3240 2360 vel
3281 2305 3349 2359 de
3389 2317 3536 2356 novo
3569 2300 3715 2366 fecit,

2135 2409 2217 2463 vel
2265 2407 2378 2476 jam
2425 2405 2568 2460 facta
2593 2402 2938 2475 regularibus
2967 2398 3266 2469 disciplinis
3315 2394 3572 2450 instituit.
3623 2391 3718 2446 Hie

2135 2501 2301 2556 etiam
2328 2499 2499 2553 multa
2531 2496 2869 2551 monimenta
2893 2492 2979 2548 sui
3003 2489 3267 2546 naturalis
3294 2488 3363 2520 ⁸³¹
3387 2487 3596 2558 ingenii
3619 2500 3716 2539 no-

2137 2590 2222 2645 bis
2249 2589 2486 2658 reliquit.
2513 2585 2650 2640 Nam
2682 2583 2930 2640 naturale
2953 2581 3294 2652 horologium
3317 2579 3388 2634 ad
3408 2577 3716 2647 exemplum

2139 2681 2356 2737 celestis
2394 2679 2709 2749 hemisperii
2757 2675 3116 2748 excogitavit;
3164 2672 3434 2729 naturalia
3481 2668 3716 2726 solsticia

2140 2772 2256 2830 sive
2275 2770 2585 2842 equinoctia
2609 2777 2664 2826 et
2695 2777 2896 2825 statum
2921 2765 3112 2822 mundi
3145 2764 3310 2820 certis
3331 2761 3718 2834 experimentis

2140 2862 2382 2918 invenire
2418 2859 2774 2924 monstravit;
2807 2871 2927 2928 qua:
2955 2855 3140 2910 omnia
3164 2852 3390 2924 quidam
3421 2852 3549 2921 ejus
3577 2849 3722 2904 fami-

2141 2953 2294 3010 liaris
2324 2951 2488 3006 etiam
2533 2951 2704 3006 literis
2737 2947 2996 3004 mandare
3017 2945 3228 3002 curavit
3261 2941 3482 3014 (1380);
3527 2942 3722 2996 multas

2143 3043 2307 3100 etiam
2319 3040 2651 3112 quaestiones
2659 3038 2728 3094 de
2737 3044 2990 3107 compoto
3005 3031 3410 3106 probatissimis
3422 3029 3724 3086 rationibus

2144 3132 2416 3190 enodavit.
2449 3128 2550 3185 Hic
2577 3129 2634 3184 in
2659 3128 2868 3184 musica
2892 3125 3257 3196 peritissimus
3287 3122 3412 3189 fuit,
3451 3121 3726 3190 multaque

2147 3225 2293 3281 illius
2326 3223 2460 3278 artis
2505 3221 2746 3286 subtilia,
2805 3218 3043 3288 antiquis
3082 3216 3400 3274 doctoribus
3431 3213 3726 3285 incognita,

2145 3315 2436 3372 elucidavit
2467 3312 2681 3385 (1581),
2713 3311 2914 3365 multos
2954 3310 3119 3365 etiam
3151 3323 3366 3364 errores
3393 3308 3453 3362 in
3483 3305 3732 3363 cantbus

2148 3407 2518 3477 deprehensos
2557 3403 2692 3458 satis
2730 3400 3122 3456 rationabiliter
3165 3397 3233 3453 ad
3263 3407 3438 3453 artem
3475 3395 3727 3452 correxit.

2148 3496 2209 3552 in
2239 3495 2542 3568 quadruvio
2565 3492 2748 3567 (1582)
2779 3507 2912 3548 sane
2943 3490 3198 3547 omnibus
3227 3503 3364 3558 pene
3385 3487 3636 3557 antiquis
3653 3485 3730 3538 vi-

2151 3587 2382 3643 debatur
2405 3585 2745 3656 praeminere.
2779 3582 2874 3638 Set
2902 3589 3026 3638 ante
3058 3581 3175 3635 base
3199 3577 3386 3633 omnia
3418 3578 3476 3631 in
3505 3577 3604 3631 illo
3624 3585 3734 3631 stu—

2151 3678 2302 3734 dium
2331 3675 2650 3732 monasticze
2669 3670 3029 3729 districtionis
3057 3667 3362 3740 prmvaluit,
3375 3667 3431 3720 in
3453 3681 3571 3737 quo
3597 3673 3737 3720 totus

2153 3770 2290 3824 adeo
2321 3767 2592 3834 ell‘erbuit,
2637 3780 2702 3820 ac
2747 3764 2794 3820 si
2829 3776 3110 3832 nunquam
3147 3759 3296 3814 aliud
3327 3757 3541 3828 aliquid
3577 3756 3736 3813 studii

2152 3859 2423 3914 habuerit.
2474 3855 2605 3911 Erat
2648 3855 2797 3911 enim
2835 3853 2905 3886 ⁸⁸¹
2946 3853 3100 3907 mirae
3153 3849 3484 3914 sanctitatis,
3544 3859 3740 3904 sancta

2153 3947 2538 4019 simplicitatis,
2577 3944 2992 4002 ferventissimae
3032 3941 3306 4005 karitatis,
3349 3939 3465 3995 Deo
3493 3939 3654 3994 vivus
3690 3947 3740 3991 et

2155 4041 2342 4098 seculo
2369 4055 2495 4097 vere
2519 4037 2815 4096 cruciﬁxus
2844 4055 2857 4090 :
2880 4049 3046 4108 quem
3071 4032 3339 4088 Dominus
3370 4031 3430 4086 in
3459 4037 3738 4085 senectute

2151 4131 2298 4188 bona
2319 4129 2388 4186 ad
2409 4138 2664 4186 aeternam
2680 4126 2914 4199 patriam
2935 4123 3227 4190 revocavit,
3253 4121 3341 4177 cui
3361 4121 3480 4192 ipse
3501 4136 3534 4174 a
3551 4121 3737 4190 juven-

1749 4289 1980 4346 VAllUE
2011 4285 2416 4344 LECTIONES.

541 4434 612 4466 "”
637 4434 756 4504 jam
791 4437 975 4506 pergit,
998 4437 1050 4506 l.

475 4575 597 4629 dem
625 4575 679 4630 2.
766 4573 858 4607 ’⁵η
885 4586 938 4632 et
970 4578 1004 4630 i.
1047 4576 1083 4630 l‘.
1114 4591 1159 4630 s.
1207 4573 1266 4628 P.

473 4645 544 4676 ³³³
573 4645 691 4715 jam
717 4647 882 4728 pergit
910 4647 959 4700 'l.

473 4731 606 4816 pace
624 4717 824 4785 scripta
851 4717 1009 4786 fuerit
1043 4718 1091 4770 l.

503 4787 545 4816 η
573 4785 710 4816 Aluum
745 4789 780 4816 0
875 4788 944 4816 530
976 4789 1029 4816 ἒ..
1067 4786 1091 4816 1,

503 4787 545 4819 ³⁸
570 4785 710 4842 deest
731 4779 800 4842 ’2.
851 4779 944 4820 ’⁸³⁸
976 4789 1031 4842 in
1064 4786 1177 4841 loco
1209 4803 1328 4840 raso
1359 4786 1408 4840 1.
1485 4784 1552 4815 ⁸³¹
1576 4784 1632 4837 in
1657 4782 1771 4836 loco
1797 4796 1918 4835 raso
1949 4779 1998 4834 l.

1304 4589 1356 4644 p.
1390 4573 1577 4626 desunt
1604 4571 1658 4626 2.

1147 4434 1218 4466 ⁵¹⁸
1252 4434 1308 4487 h.
1347 4432 1383 4488 i.
1419 4448 1469 4486 a.
1501 4448 1557 4484 in
1592 4431 1708 4485 loco
1743 4444 1867 4483 raso
1912 4427 1964 4482 l.
1996 4425 2086 4478 ubi
2120 4425 2266 4495 prius
2291 4423 2406 4494 jam
2443 4423 2666 4495 dudum
2690 4421 2977 4495 legebatur.
3011 4417 3372 4495 jamdudum
3405 4417 3496 4495 λεδ.
3536 4422 3739 4494 κει-ειπε-

471 4521 568 4574 que
595 4495 730 4558 récte
753 4495 914 4576 φηωῆ
957 4505 1238 4560 Heinricus
1261 4505 1376 4573 jam
1402 4501 1576 4572 Aprili
1615 4516 1784 4555 mense
1826 4497 2040 4552 Verona:
2069 4511 2297 4565 praesens
2324 4495 2506 4566 fuerit.

475 4575 596 4620 dem
625 4575 678 4620 Ξ-
789 4577 858 4607 ⁸³9
885 4586 938 4620 ιη.
970 4578 1003 4620 i-
1049 4576 1081 4620 f.
1114 4591 1157 4620 ς.
1207 4573 1266 4620 1)-
1304 4589 1356 4620 n-
1390 4573 1577 4620 desunt
1604 4571 1658 4620 9.
1770 4570 1838 4601 ⁸¹⁰
1871 4569 1976 4620 iam
2016 4567 2186 4620 nemit
2218 4566 2266 4618 1.
2370 4565 2439 4597 ⁸²¹
2467 4572 2506 4618 Ο.

1057 4583 1083 4630 Γ.
1114 4591 1159 4630 s.
1208 4583 1266 4628 Ρ.
1304 4589 1356 4644 p.
1390 4583 1577 4626 desunt
1604 4583 1658 4626 2.
1770 4583 1838 4601 σιν
1859 4583 1976 4638 jam
2016 4583 2186 4636 pergit
2218 4583 2266 4618 ι.

1057 4646 1128 4678 ⁸¹δ
1157 4644 1466 4699 Fridericus
1494 4659 1654 4713 usque
1684 4640 1914 4713 Domino
1939 4638 2124 4713 desunt
2161 4636 2246 4713 4b.

1170 4694 1602 4768 iii'itl'iéc'dmsb’
1627 4694 1676 4766 l.
1753 4711 1820 4742 ⁵¹⁷
1845 4711 1903 4762 in
1935 4707 2048 4762 loco
2073 4705 2274 4763 raso].
2352 4705 2424 4737 m
2454 4704 2662 4760 scilicet
2705 4694 3009 4758 Zwiueltori
3057 4699 3235 4773 glossa
3270 4714 3392 4753 stac.
3419 4695 3507 4750 XI
3523 4695 3582 4749 γ.
3613 4694 3666 4747 2.

1170 4805 1177 4830 ι
1209 4803 1328 4830 mm
1359 4786 1407 4830 Ι-
1485 4784 1552 4815 εει
1576 4784 1632 4830 in
1657 4782 1771 4830 loco
1797 4796 1918 4830 raso
1949 4779 1998 4830 Ι.
2075 4777 2145 4808 ⁸³³
2176 4777 2232 4829 in
2265 4775 2380 4830 loco
2415 4791 2535 4829 raso
2559 4775 2609 4828 Ι.

2604 4493 2671 4525 ⁸³⁷
2734 4484 2877 4546 deest
2923 4492 2978 4546 2.
3012 4484 3029 4491 ⁷
3088 4489 3161 4522 ⁸⁸⁸
3188 4488 3259 4542 Μ.
3285 4487 3479 4542 uxoris
3515 4501 3633 4540 suae
3671 4484 3738 4537 ei-

2370 4565 2439 4597 ⁸²¹
2467 4572 2515 4618 c'.
2542 4563 2604 4618 G.
2637 4573 2689 4618 et
2717 4579 2766 4616 e.
2796 4579 2844 4616 c.
2878 4561 3066 4616 desunt
3098 4559 3154 4614 2.
3264 4558 3334 4589 ³²¹
3349 4557 3470 4626 jam
3493 4556 3663 4626 P9795}

2353 4635 2422 4668 ’⁸³
2451 4635 2508 4688 in
2541 4633 2654 4687 loco
2683 4649 2824 4698 raso,
2875 4631 2964 4684 ubi
2997 4631 3146 4701 prius
3197 4622 3364 4682 lectio
3394 4622 3658 4701 «Eligis—‘5
3684 4622 3732 4675 in

1975 4917 2208 4976 NOTAE.

550 5056 734 5129 (l577)
773 5056 1048 5129 Lambach
1079 5057 1134 5110 in
1159 5055 1382 5110 Austria
1411 5054 1712 5124 superiore,
1738 5053 1831 5109 ubi
1858 5067 2047 5108 cmno~

478 5128 629 5184 binm
661 5128 992 5182 condiderat.

477 5197 734 5324 ἶέ
769 5196 1050 5251 Celebrata
1093 5203 1176 5251 est
1213 5195 1452 5268 synodus
1481 5211 1512 5249 v
1539 5194 1656 5248 Kal.
1702 5195 1830 5264 Apr.
1881 5191 2053 5248 Mansi

479 5312 500 5324 .
532 5307 546 5323 Α
585 5313 600 5324 .
635 5288 706 5321 1οι
733 5310 747 5322 .

479 5288 600 5332 .\.\,
635 5288 747 5322 mn.

550 5331 833 5411 (-l379)_ln
863 5337 1258 5411 Bcichenbaeh.
1295 5335 1416 5411 Vid.
1445 5335 1670 5411 Gerbert
1706 5331 2057 5411 iljst._l_Vigrm

483 5401 642 5466 Silvae
671 5401 848 5474 t.'l,p.
875 5407 980 5462 28?.
997 5426 1010 5472 ;
1028 5408 1094 5463 de
1112 5407 1168 5461 S.
1185 5405 1400 5474 Georgii
1420 5405 1620 5474 p.285;
1641 5405 1706 5459 de
1730 5401 2060 5458 Zwifaltensi

2227 5045 2674 5120 (l380_)__Videtur
2717 5043 2952 5120 inlinere
2985 5037 3317 5118 Heymoncm
3351 5031 3738 5120 eju‘sdisfipn-

2154 5101 2272 5174 lum
2293 5101 2349 5174 et
2381 5101 2512 5170 Viue
2533 5115 2892 5183 scriptorem;
2909 5101 3150 5183 Operti!!!
3172 5107 3292 5183 8198
3315 5101 3621 5183 αιῐξιιξειιω
3639 5101 3736 5183 ,d‘?’

2158 5169 2357 5244 derunt
2383 5169 2559 5240 Anon.
2584 5169 2736 5238 Mcll.
2775 5190 2830 5236 et
2851 5169 3289 5244 TrithemiusDe
3327 5169 3519 5242 script:
3544 5169 3732 5225 eccles.

2159 5243 2288 5314 etin
2319 5255 2596 5312 Chronico
2619 5253 2688 5308 ad
2711 5265 2915 5308 annum
2947 5247 3105 5302 1070.
3147 5243 3271 5301 Uss.

2235 5311 2420 5399 (issi)
2456 5324 2722 5399 Musicam
2755 5320 2816 5399 ξε
2852 5316 3132 5374 Wilhelmi
3171 5314 3344 5370 edidit
3371 5311 3666 5367 Gerbertus
3698 5315 3733 5358 ι.

2163 5389 2505 5474 ll,‘_s_er_ip:tor_.
2533 5393 2730 5448 music.
2769 5389 2892 5474 Uss.

3580 5447 3711 5474 ..-2.1.

3347 5458 3464 5474 ..Α-Ι
