3996 5474
194 194 330 249 1405

1072 189 1357 246 APPEND.
1396 190 1483 247 Ill.
1510 223 1581 233 ——
1620 191 2054 249 MONUML’NTA
2092 187 2553 247 GREGORIANA.

3316 184 3448 239 “06

191 316 303 362 tute
322 306 380 361 in
408 306 513 361 hac
536 305 974 377 peregrinatione
1008 306 1285 365 indefesso
1310 310 1495 365 labore
1521 309 1761 367 servivit.
1793 311 1840 366 Α
1866 306 2159 362 autenticis
2182 314 2497 360 sanctorum
2511 310 2729 373 patrum
2755 300 3038 357 sententiis
3057 299 3334 356 adversari
3356 301 3450 356 de-

191 395 537 452 Bernbardus
562 395 653 452 .³³³
698 411 917 467 quoque
964 395 1467 455 Constantiensium
1508 400 1768 471 magister

110 532 113 535 .
192 487 494 553 scalarum,
544 486 703 556 cujus
744 487 953 541 obitum
985 504 1151 558 supra
1195 489 1507 546 notavimus
1558 488 1766 561 (1585),

192 577 359 631 multa
384 576 455 607 '“
484 575 642 631 nobis
663 576 734 607 '“
766 576 855 631 sui
891 576 961 609 '“
997 576 1201 647 ingenti
1229 577 1300 610 ⁸³⁸
1335 579 1669 635 monimenta
1701 578 1769 612 ‘“

192 667 409 737 reliquit
433 667 526 733 ⁸⁸⁵,
555 667 837 737 multaque
867 683 968 737 pro
998 668 1283 725 catholicis
1320 678 1512 725 contra
1537 670 1770 725 scisma-

191 757 326 811 ticos
370 756 455 811 sui
486 756 744 826 temporis
767 756 1167 827 elegantissime
1187 759 1431 828 scripsit;
1459 767 1513 815 et
1533 760 1772 830 primum

191 847 407 918 quidem
430 847 499 879 ³³⁸
535 847 602 901 ad
627 847 892 916 quosdam
920 862 1050 902 suos
1074 848 1282 903 amicos
1309 850 1376 905 de
1401 850 1608 920 judicio
1638 850 1772 906 Gre-

194 937 331 1007 gorii
352 952 506 1005 papa:
532 935 645 989 Vl].
676 951 841 1006 super
872 935 1246 1005 scismaticos;
1280 947 1334 993 et
1365 939 1430 994 de
1460 955 1773 995 sacramen-

194 1027 262 1081 tis
291 1034 444 1080 extra
473 1026 774 1081 aacclesiam
821 1028 1101 1097 usurpatis
1137 1028 1339 1099 (1584).
1381 1028 1580 1085 Postea
1608 1031 1773 1085 etiam

194 1118 257 1171 ad
278 1118 641 1173 venerabilem
670 1118 982 1173 Hartvicum
1009 1120 1078 1151 ⁵³⁸
1101 1119 1639 1192 Magideburgensem
1654 1123 1772 1192 epi—

194 1224 412 1278 scopum
435 1210 501 1264 de
523 1210 709 1264 eadem
737 1226 903 1264 causa
928 1226 1188 1282 magnum
1216 1211 1419 1267 librum
1454 1213 1774 1269 luculentis-

195 1300 324 1354 sime
348 1301 657 1371 composuit
684 1318 748 1356 ex
775 1317 1007 1371 persona
1042 1312 1244 1358 sanctae
1267 1304 1551 1371 tecclesize,
1581 1306 1636 1358 in
1664 1322 1775 1375 quo

196 1391 516 1446 testimoniis
548 1401 862 1447 sanctorum
889 1400 1105 1462 patrum
1133 1408 1325 1449 omnes
1364 1395 1655 1450 insidiosas
1679 1412 1775 1451 ca-

194 1482 494 1538 villationes
541 1485 857 1539 eorumdem
912 1485 1349 1541 scismaticorum
1381 1486 1449 1519 ‘3'
1483 1487 1777 1556 prudenter

195 1575 552 1630 annichilasse
578 1575 809 1629 videtur.
866 1575 959 1631 Set
1004 1576 1061 1631 in
1107 1575 1311 1632 eisdem
1347 1577 1567 1649 scriptis
1605 1578 1775 1634 nimio

197 1667 306 1721 zelo
328 1667 527 1721 ductus
555 1666 754 1721 alicubi
777 1668 996 1722 modum
1024 1669 1328 1725 excessisse
1352 1645 1591 1736 notatur,
1621 1670 1763 1725 vidc-
1808 1645 1849 1699 Β

195 1757 315 1811 licet
342 1757 433 1811 ubi
473 1757 583 1828 agit
607 1758 674 1812 de
714 1760 1073 1815 sacramentis
1107 1760 1564 1815 scismaticorum.
1603 1760 1772 1831 Negat

196 1848 333 1902 enim
364 1849 611 1917 omnino,
646 1850 715 1905 ab
738 1851 819 1906 eis
852 1852 937 1906 vel
967 1852 1036 1906 ab
1064 1867 1256 1906 eorum
1285 1852 1770 1907 communicatori-

195 1939 293 1995 bus
323 1950 667 1996 sacramenta
693 1958 856 2012 posse
878 1942 1071 1998 confici
1088 1985 1102 2009 ,
1136 1944 1211 1998 ita
1233 1953 1294 1998 ut
1315 1944 1384 1998 ab
1422 1943 1529 1999 illis
1550 1944 1771 1999 ordina—

195 2040 293 2097 tos,
318 2032 363 2087 si
397 2033 756 2103 resipiscam,
800 2034 997 2089 iterum
1037 2034 1368 2091 ordinandos
1402 2044 1641 2091 censeat.
1683 2034 1776 2091 Set

196 2124 293 2178 hoc
322 2126 701 2179 sacratissimo
734 2124 939 2182 Niceno
970 2126 1039 2158 ⁸³⁸
1064 2127 1297 2182 concilio
1331 2143 1485 2197 teque
1520 2136 1580 2181 ut
1606 2143 1774 2181 evan-

195 2214 383 2283 gelium
410 2214 487 2247 "’
510 2218 823 2272 venerando
852 2227 1135 2289 repugnat,
1158 2220 1305 2288 quod
1327 2219 1555 2274 clericos
1577 2235 1643 2273 ex
1669 2217 1777 2273 No-

193 2306 416 2359 vatianis
442 2322 874 2365 conversoscum
888 2310 1079 2363 ordine
1110 2309 1422 2379 recipi,non
1454 2310 1651 2364 iterum
1683 2325 1777 2364 or-

196 2395 367 2452 dinari
398 2400 676 2469 praecepit.
729 2399 863 2454 ltem
902 2400 1162 2455 Affricani
1213 2410 1397 2471 patres
1451 2401 1517 2455 de
1565 2400 1780 2456 clericis

199 2487 601 2544 Donatistarum
645 2491 924 2546 conversis
954 2493 1211 2547 statuisse
1265 2493 1524 2563 leguntur
1571 2491 1777 2563 (1585).

198 2579 323 2635 ltem
347 2580 644 2653 Gregorius
667 2598 805 2653 papa
836 2584 1046 2653 primus
1079 2583 1375 2638 Maximum
1404 2582 1783 2637 Salonitanum

198 2683 643 2742 praesumptorem
687 2677 1243 2741 excommunicatum,
1281 2682 1336 2729 et
1368 2675 1438 2750 ab
1465 2690 1784 2730 excommu-

200 2764 386 2819 nicatis
415 2765 764 2833 ordinatum,
806 2782 931 2820 cum
967 2765 1160 2819 ordine
1185 2765 1409 2834 recepit,
1446 2780 1557 2818 non
1598 2764 1787 2833 utique

203 2853 392 2909 iterum
418 2855 698 2910 ordinavit
729 2855 933 2925 (1386).
960 2853 1076 2909 lloc
1106 2871 1238 2910 sane
1264 2856 1341 2910 illi
1375 2857 1686 2911 nullatenus
1714 2855 1791 2909 fa-

199 2954 405 3011 cerent,
460 2946 510 3001 si
560 2946 767 3001 nullum
814 2963 910 3002 eos
967 2947 1330 3002 ordinationis
1384 2955 1787 3002 sacramentum

199 3045 344 3092 extra
364 3038 669 3093 :ecclesiam
686 3040 959 3109 accepisse
982 3047 1256 3108 putarent.
1284 3039 1416 3093 ltem
1440 3038 1790 3096 hcatusAna-

199 3129 395 3184 stasius
422 3147 585 3201 papa.
620 3131 869 3186 scribens
907 3130 972 3185 ad
1001 3130 1354 3187 Anastasium
1379 3132 1789 3202 imperatorem,

200 3223 392 3277 asserit
421 3224 575 3293 quod
609 3224 890 3278 ordinatos
921 3223 991 3277 ab
1038 3223 1250 3289 Acatio,
1283 3224 1408 3278 licet
1433 3224 1795 3279 anathemati-

200 3324 339 3381 zato,
364 3317 517 3371 nulla
539 3316 717 3387 portio
738 3315 964 3371 lesionis
992 3316 1300 3388 attingeret,
1328 3325 1593 3387 quantum
1622 3317 1689 3372 ad
1711 3317 1795 3371 in-

199 3406 510 3476 tegritatem
547 3417 1039 3462 sacramentorum.
1077 3405 1208 3461 Item
1243 3408 1433 3463 beatus
1454 3406 1793 3478 Augustinus

200 3493 254 3546 in
283 3495 472 3549 multis
520 3495 638 3550 suis
675 3495 916 3565 scriptis,
949 3503 1003 3549 et
1036 3496 1308 3567 pmcipue
1348 3496 1403 3550 in
1439 3496 1579 3551 libro
1604 3506 1794 3552 contra

202 3581 514 3641 Donatistas
547 3587 616 3641 de
649 3587 946 3657 baptismo,
984 3587 1349 3644 invictissime
1380 3589 1576 3658 probat
1604 3591 1795 3645 azccle-

204 3677 427 3732 siastica
451 3687 795 3733 sacramenta
826 3688 977 3733 extra
1008 3680 1308 3735 aacclesiam
1334 3686 1387 3735 et
1422 3681 1608 3735 haberi
1635 3697 1796 3750 posse

200 3780 252 3821 et
288 3769 438 3835 dari,
478 3779 562 3833 set
608 3770 914 3840 perniciose
949 3779 1061 3824 tam
1106 3771 1257 3825 danti
1294 3787 1458 3840 quam
1518 3771 1793 3840 accipien-

202 3859 239 3912 ti
277 3860 483 3931 (1587).
538 3859 663 3916 Haec
698 3870 879 3915 autem
920 3861 1235 3916 summatim
1290 3862 1592 3932 tetigimus,
1635 3871 1697 3915 ut
1738 3862 1793 3915 in

199 3951 471 4018 praedictis
524 3951 741 4021 scriptis
781 3952 1310 4007 lectorem-cautum
1346 3951 1672 4019 faceremus,
1723 3968 1791 4006 ne

198 4055 543 4113 prmpropere
589 4043 751 4098 alicui
791 4044 1075 4099 sententia:
1126 4043 1418 4112 assentiat,
1456 4059 1623 4114 quam
1679 4051 1788 4098 tam

1868 398 2186 468 prehendat.
2212 396 2466 451 Ceterum
2501 394 2548 449 si
2574 394 2697 464 quis
2729 394 2844 448 hare
2876 392 3088 462 plenius
3111 407 3274 446 nosse
3302 393 3451 446 desi-

1869 489 2051 554 derat,
2110 489 2372 558 scriptum
2415 485 2700 556 cujusdam
2728 483 2910 555 (1588)
2946 483 3014 538 ad
3046 484 3280 537 eundem
3315 482 3451 536 Ber-

1869 581 2140 636 nhardum
2184 580 2252 634 de
2277 578 2466 634 eadem
2512 577 2811 647 quaestione
2856 575 3121 631 directum
3173 575 3455 644 diligenter

1869 672 2128 742 perlegat,
2156 670 2212 724 in
2242 684 2353 740 quo
2393 667 2719 723 testimoniis
2746 674 3060 721 sanctorum
3095 674 3310 735 patrum
3343 665 3455 719 evi—

1870 761 2190 817 dentissimc
2210 760 2493 815 docebitur
2519 760 2648 829 quid
2672 758 2845 813 sancti
2886 767 3071 828 patres
3100 758 3166 811 de
3191 757 3284 810 illa
3312 773 3457 827 qum-

1873 855 2050 910 stione
2071 853 2385 907 censuerint
2418 852 2783 907 sentiendum.
2817 849 3019 903 Verum
3058 849 3198 903 idem
3232 864 3458 902 venera-

1872 944 1998 999 bilis
2022 942 2372 999 Bernhardus
2395 943 2449 996 in
2474 943 2598 1008 ista,
2627 943 2770 998 sicut
2792 950 2847 996 et
2869 942 3062 995 beatus
3086 939 3377 1009 Ciprianus
3403 940 3459 993 in

1873 1035 2319 1105 rebaptizationis
2374 1034 2665 1101 sententia,
2716 1049 2826 1087 non
2881 1032 3231 1102 pertinaciter
3269 1039 3459 1085 contra

1873 1127 2175 1182 tecclesiam
2210 1134 2459 1197 egerunt,
2497 1133 2580 1180 set
2617 1134 2843 1194 uterque
2878 1125 3106 1177 nimium
3139 1133 3327 1178 contra
3354 1122 3461 1178 sci-

1875 1218 2136 1273 smaticos
2170 1219 2406 1273 zelantcs
2440 1217 2841 1287 aliquantulum
2886 1215 3131 1286 regulam
3178 1214 3456 1269 aacclesia—

1876 1309 1994 1365 stici
2041 1309 2314 1381 d0gmatis
2352 1316 2706 1364 excesserunt
2752 1307 2842 1361 ⁵⁵⁸.
2883 1305 3209 1381 Altmannus
3260 1312 3462 1361 sancta:

1875 1400 2269 1456 recordationis
2294 1398 2631 1455 Pataviensis
2652 1399 2964 1468 episcopus,
2991 1397 3045 1451 in
3063 1396 3127 1428 W
3145 1413 3310 1452 causa
3336 1412 3463 1455 san-

1875 1493 1948 1548 cti
1971 1492 2117 1546 Petri
2148 1501 2203 1547 et
2228 1493 2282 1546 in
2307 1491 2692 1548 :ecclesiastica
2719 1490 2979 1562 religione
3002 1489 3459 1551 studiosissimus,

1877 1592 2000 1655 post
2024 1583 2194 1639 multa
2224 1584 2486 1654 pericula,
2510 1582 2891 1637 tribulationcs
2920 1589 2974 1634 et
2997 1580 3179 1647 exilia,
3209 1596 3332 1649 quae
3363 1595 3462 1650 pro

1873 1673 2093 1728 Christo
2118 1674 2396 1739 sustinuit,
2421 1674 2475 1727 in
2514 1679 2790 1728 senectute
2823 1672 2964 1726 bona
2987 1671 3241 1741 migravit
3260 1670 3327 1724 ad
3351 1668 3463 1723 Do-

1873 1764 2083 1820 minum
2132 1764 2165 1818 6
2214 1764 2289 1819 ld.
2337 1763 2569 1834 Augusti
2605 1762 2695 1819 δι’.
2748 1761 2849 1817 llic
2901 1761 2955 1814 in
3010 1762 3322 1832 episcopatu
3364 1777 3465 1815 suo

1873 1857 1977 1913 tria
2002 1856 2183 1929 (1589)
2221 1856 2447 1912 cenobia
2475 1855 2800 1911 clericorum
2825 1854 2982 1924 juxta
3015 1855 3258 1925 regulam
3288 1853 3466 1909 sancti

1874 1946 2164 2020 Augustini
2188 1947 2553 2003 communiter
2573 1946 2871 2002 viventium
2896 1945 3152 2010 instituit,
3167 1953 3220 2000 et
3234 1946 3465 2001 tercium

1878 2037 2060 2111 (1590)
2088 2039 2145 2092 in
2168 2037 2501 2110 Frisingeusi
2518 2039 2856 2109 episcopatu,
2882 2038 2936 2090 in
2966 2038 3167 2091 allodio
3198 2036 3467 2092 Welfonis

1877 2130 2032 2185 ducis
2046 2145 2140 2200 per
2151 2130 2379 2185 clericos
2390 2146 2521 2185 suos
2533 2129 2818 2185 aedificavit
2830 2130 2921 2193 m,
2938 2138 2991 2183 et
3002 2129 3343 2199 regularibus
3356 2129 3470 2183 dis-

1878 2220 2092 2290 ciplinis
2111 2220 2346 2275 instituit
2365 2220 2453 2276 ³⁵⁸³.
2480 2219 2579 2275 llic
2607 2220 2709 2274 fuit
2739 2227 2904 2275 tanta:
2934 2218 3260 2283 sanctitatis,
3289 2217 3468 2273 conti-

1880 2312 2078 2367 nentiaa
2119 2320 2172 2367 et
2229 2313 2532 2383 religionis,
2560 2321 2622 2366 ut
2662 2311 3108 2367 reverentissimo
3136 2325 3291 2380 papa:
3333 2308 3471 2363 Gre-

1882 2403 2058 2473 gorio,
2093 2412 2393 2474 sanctoque
2434 2402 2669 2458 Lucensi
2698 2402 2979 2473 episcopo,
3017 2400 3186 2455 immo
3208 2399 3464 2452 omnibus

1883 2493 2154 2564 religiosis
2186 2494 2521 2548 reverendus
2544 2503 2688 2548 esset
2714 2501 2768 2547 ct
2792 2492 3042 2546 amabilis
3064 2491 3155 2556 ⁵³⁵³,
3196 2489 3471 2544 scismati--

1884 2584 1964 2639 cis
1992 2599 2123 2638 vero
2136 2591 2192 2636 et
2213 2581 2494 2637 sceleratis
2513 2582 2741 2637 odiosus
2755 2589 2808 2636 et
2822 2579 3203 2634 formidabilis.
3232 2577 3473 2632 UndeM

1886 2674 1943 2728 in
1992 2674 2143 2729 obitu
2174 2690 2276 2729 suo
2309 2673 2469 2728 bonis
2510 2689 2768 2744 magnum
2820 2687 3107 2734 mererem,
3141 2669 3300 2724 malis
3344 2685 3474 2723 vero

1887 2780 2141 2836 magnam
2161 2764 2382 2834 reliquit
2400 2763 2810 2819 exultationem.
2838 2760 3017 2816 Wclfo
3051 2760 3163 2815 dux
3206 2759 3475 2829 Bajoaria:

1889 2855 1943 2908 in
1965 2855 2212 2926 Augusto
2233 2872 2420 2911 mense
2442 2854 2880 2926 Longobardiam
2910 2853 3058 2908 venit
3087 2852 3154 2884 “7
3186 2850 3393 2922 (Aug.),
3416 2859 3477 2904 ut

1892 2945 2146 3001 Heinrico
2174 2947 2288 3018 regi
2331 2947 2799 3011 reconciliaretur,
2824 2948 2871 3000 si
2911 2946 3025 3014 ipse
3052 2943 3213 2999 vellet
3253 2942 3476 3013 permit-

1892 3046 2005 3093 tere
2033 3048 2093 3093 ut
2115 3040 2412 3108 apostolica
2464 3039 2621 3094 sedes
2649 3054 2680 3093 a
2712 3038 2974 3093 Guiberto
3009 3035 3358 3091 heresiarcha
3392 3034 3477 3088 in—

1888 3146 2020 3185 vasa
2041 3132 2306 3186 canonice
2326 3131 2727 3201 disponeretur,
2746 3146 2846 3185 nec
2869 3146 2979 3183 non
3003 3136 3056 3183 et
3080 3128 3126 3182 si
3150 3126 3327 3182 eidem
3349 3126 3477 3182 duci

1891 3221 2114 3292 filioque
2144 3222 2263 3292 ejus
2288 3221 2548 3290 Well‘oni,
2579 3222 2902 3292 exterisque
2941 3236 3132 3276 eorum
3172 3218 3478 3273 fautoribus

1891 3313 2034 3368 bona
2064 3328 2254 3368 eorum
2301 3314 2528 3369 reddere
2559 3314 2736 3380 vellet,
2789 3329 2911 3383 qua:
2945 3312 3026 3366 eis
3070 3310 3269 3381 injuste
3299 3306 3477 3363 ablata

1895 3404 2094 3461 forent.
2142 3404 2318 3471 Quam
2358 3405 2727 3461 conditionem
2774 3404 2865 3459 ille
2923 3403 3100 3458 noluit
3148 3401 3476 3470 adimplere;

1895 3498 2041 3552 unde
2066 3505 2121 3551 et
2162 3498 2272 3552 dux
2317 3497 2371 3551 in
2410 3495 2790 3551 Alemanniam
2839 3511 2947 3550 non
2995 3493 3229 3548 tardavit
3280 3491 3477 3546 redire.

1896 3588 2050 3645 Multi
2077 3599 2257 3645 tamen
2288 3604 2357 3645 ex
2380 3587 2699 3643 Alemannis
2720 3586 2977 3641 Heinrico
3007 3584 3122 3655 regi
3145 3580 3482 3638 reconciliati

1896 3690 2047 3750 sunt,
2076 3688 2131 3736 et
2158 3680 2779 3735 excommunicationem
2821 3678 2965 3733 sedis
2993 3676 3308 3746 apostolicae
3333 3689 3484 3729 com-

1896 3788 2119 3826 munem
2153 3771 2257 3825 sibi
2307 3787 2434 3826 cum
2490 3770 2745 3825 Heinrico
2787 3769 2964 3824 fecere
2990 3768 3081 3822 m.
3128 3767 3248 3821 Dux
3287 3765 3477 3836 (1591)

1895 3871 2079 3917 autem
2105 3862 2304 3916 iterum
2331 3861 2535 3916 multos
2557 3868 2747 3916 contra
2770 3858 3085 3914 Heinricum
3109 3858 3339 3927 ejusque
3363 3855 3483 3908 fau-

1896 3962 2042 4009 tores
2072 3952 2334 4017 ineitavit,
2356 3960 2413 4006 ut
2435 3951 2598 4006 etiam
2622 3966 2827 4005 novum
2848 3965 3030 4021 regem
3057 3948 3257 4019 eligere
3289 3948 3482 4001 decer-

1894 4053 2108 4111 nerent,
2140 4045 2187 4100 si
2211 4044 2576 4116 quorumdam
2595 4043 2824 4115 pigricia
2848 4043 2962 4097 sive
2986 4039 3359 4096 malivolentia
3384 4054 3484 4094 eos

1504 4176 1734 4233 VARUE
1774 4174 2067 4235 LECTION
2076 4178 2180 4235 ES.

269 4286 337 4378 “:3
366 4285 814 4378 Bel'nharldusn:
836 4287 1107 4378 dogmatis
1146 4296 1497 4378 eat-cesserunt
1539 4287 1728 4343 desunt
1768 4289 1823 4343 2.
1870 4360 1881 4372 _
1924 4289 1995 4322 m
2034 4290 2091 4378 iIn
2114 4289 2229 4374 loco
2272 4306 2392 4378 rasg
2423 4291 2507 4378 in
2576 4289 2772 4378 “ﬂavom
2792 4304 2957 4378 δξιθρνς
2982 4287 3181 4378 lineam‘
3202 4287 3480 4378 s‘crixpt‘a‘l.

201 4354 269 4385 ⁸³⁸
290 4356 680 4431 inaruicummln
732 4358 799 4390 ⁸³⁷
830 4359 884 4412 in
906 4354 1019 4431 loco
1046 4376 1164 4431 raso
1196 4360 1246 4412 1.
1322 4359 1392 4431 {’3
1423 4375 1807 4431 necenogcorr.
1831 4360 2023 4431 niceno
2049 4362 2098 4415 1.
2133 4363 2328 4416 niceno
2356 4362 2407 4414 5.
2446 4361 2531 4414 41).
2607 4359 2676 4392 ⁸³³
2714 4354 2894 4431 θυςιῗη
2938 4360 2992 4427 (o
3012 4356 3183 4425 eraso)
3210 4358 3259 4410 1.
3300 4358 3371 4390 ’⁸ο
3401 4358 3487 4431 liic

201 4427 363 4505 pergit
498 4497 509 4505 _
565 4427 632 4505 '3‘
668 4428 704 4481 i.
727 4446 796 4505 ρ..
824 4445 870 4492 s,
1018 4438 1073 4505 et
1098 4428 1287 4505 desunt
1325 4430 1380 4505 2.
1492 4430 1561 4461 ω’
1587 4428 1679 4505 Vl.
1705 4430 1880 4505 (prius
2072 4431 2149 4487 ld.
2184 4433 2319 4505 Aug.
2354 4432 2409 4505 in
2434 4430 2548 4485 loco
2573 4447 2692 4505 raso
2718 4431 2767 4483 1.
2789 4426 2870 4505 'i_n
2895 4426 3141 4505 Augusto
3168 4444 3358 4505 mense
3400 4430 3485 4505 l2.

204 4494 270 4566 ξξξ
299 4495 544 4566 instituit
557 4498 621 4566 7‘2.
724 4499 794 4531 W’
833 4499 985 4552 auxit
1013 4500 1066 4552 2.
1170 4499 1239 4530 5'“
1267 4497 1461 4553 inloco
1509 4517 1632 4554 raso
1660 4494 1736 4555 1.”
1812 4501 1882 4532 ⁸³⁸
1914 4494 2158 4555 Unde—
2183 4494 2573 4556 exultationem
2604 4502 2791 4554 desunt
2816 4503 2871 4555 ‘2.
2974 4494 3038 4532 “7
3086 4497 3393 4566 ingreditur
3435 4501 3489 4551 ’5.

204 4564 273 4597 ⁸⁸⁸
298 4563 491 4621 fecere.
525 4565 677 4645 Unde
699 4569 753 4623 in
784 4568 1103 4645 Alemannia
1123 4578 1335 4623 tantum
1359 4571 1854 4645 excommunicatio
1876 4571 2179 4640 praevaluit,
2211 4580 2271 4645 ut
2303 4573 2461 4628 multi
2487 4571 2728 4645 religiosi
2752 4570 2855 4624 viri
2877 4579 2931 4625 et
2960 4563 3397 4645 feniinaepotius
3442 4571 3506 4645 in.

274 4645 525 4718 rpetuum
554 4638 775 4718 exulare
821 4637 1136 4718 (lcligerent,
1164 4656 1328 4718 quam
1371 4640 1473 4718 sub
1502 4636 1892 4718 communione
1904 4642 2518 4718 excommunicatorum
2550 4636 2876 4711 deperirent.
2907 4640 3110 4695 addunt
3149 4636 3213 4689 lib
3262 4638 3356 4692 μ’
3378 4687 3392 4700 ,
3419 4637 3510 4718 (μή
3549 4683 3556 4691 .

223 4706 285 4785 iis
320 4706 487 4785 verbis
533 4707 797 4785 desinunt.
830 4706 959 4762 Hcce
1001 4726 1051 4785 a_
1077 4706 1339 4762 Beriwldo
1377 4710 1610 4780 primum
1643 4722 1693 4768 et
1729 4713 1786 4766 in
1817 4711 1995 4766 codice
2046 4712 2097 4767 1.
2137 4712 2360 4782 scripta,
2412 4728 2574 4785 quum
2600 4706 2856 4784 pergeret,
2898 4726 3073 4775 erasa,
3124 4706 3444 4785 eorumque
3462 4712 3522 4761 '1"

209 4772 318 4829 loco
339 4775 459 4830 Dux
484 4806 557 4815 —
578 4777 927 4834 decernerent
947 4780 1146 4848 scripta
1169 4788 1313 4834 sunt.

1688 4891 1920 4951 NOTAE.

1963 4982 2146 5064 (1:389)
2186 4982 2293 5064 ista
2343 4992 2477 5064 sunt
2500 4982 2575 5064 8..
2620 4982 2846 5064 Nicolai.
2903 4995 3080 5064 prope
3132 4974 3391 5064 Easitgv
3405 4994 3597 5064 iuni-,3

1895 5044 2230 5143 .S.‘.Fl‘or.iani
2280 5052 2334 5105 in
2388 5053 2613 5143 Austria
2665 5044 2993 5143 superiore,
3009 5044 3087 5105 ἐι
3132 5044 3189 5099 S.
3240 5044 3604 5143 Ηῑρῖοιςίι

1893 5124 1947 5177 in
1975 5122 2251 5196 inferiore,
2279 5137 2429 5179 nunc
2460 5126 2615 5181 sedes
2638 5125 2904 5196 episcopi.
2948 5125 3116 5196 Ussx
3213 5185 3226 5196 _
3344 5122 3377 5128 “
3420 5122 3461 5143 ⁸
3589 5171 3627 5196 λ,

1963 5171 2614 5315 (“ίὲἑ)ὄ)”ιζὲέζᾶιὶαἷῐᾶγῖ
2642 5171 3502 5264 ἷιῖπῖι”ιὶἕ’ῂῶῐὲὶιι›ιιριιρηρ,ε,
3546 5171 3619 5237 ad

1963 5262 2059 5315 lius
2090 5262 2289 5315 fratres
2319 5260 2335 5313 i
2374 5278 2464 5315 em
2503 5264 2808 5315 Bernoldus
2848 5264 3083 5315 ser-insit
3118 5262 3435 5315 tractatu
3459 5285 3514 5315 ηι
3550 5249 3619 5315 (ιε

1900 5249 2059 5338 cujus
2090 5249 2294 5317 fratres
2319 5249 2472 5338 idern
2503 5249 3515 5338 Bernolduéhseripsigll‘i‘Clatzﬁ‘ﬁi
3550 5249 3629 5338 ξιξ

1901 5314 2341 5402 meammeam
2383 5314 3439 5402 ὀξίὶρῖόξ’ῖῖίῖἶῆίῖεἷξλιιιῐμίιημἰ““
3462 5314 3515 5399 ’ἐξ
3552 5314 3635 5402 ιιτ

277 4981 459 5050 (1585)
499 4980 717 5039 Scilicet
738 5001 867 5040 ann.
901 4982 1057 5037 1088.

279 5051 307 5135 (0
306 5051 456 5155 13:84)
494 5051 655 5122 Typis
699 5057 846 5111 edita
889 5053 1030 5122 apud
1074 5052 1421 5108 Ussermaun.
1468 5055 1671 5121 Progr.
1726 5054 1787 5123 ll,

212 5118 308 5254 18?
304 5136 470 5323 18⁵8]ῑῆ
497 5138 702 5246 éimilia
730 5198 949 5252 exstant
972 5190 1131 5246 Bern.
1169 5189 1366 5262 Opusc.
1393 5192 1464 5261 ll,
1501 5202 1564 5274 4,
1600 5211 1786 5270 supra.

276 5257 293 5323 ί
304 5260 429 5311 I586
490 5258 685 5323 Opusc.
713 5264 755 5323 l.
786 5267 840 5323 9.
876 5277 1061 5323 supra.

276 5257 451 5331 uaso
490 5258 685 5331 opusc.
713 5264 755 5329 ι.
786 5267 840 5327 9.
876 5277 1061 5331 supra.

272 5327 448 5400 (587)
488 5327 686 5400 qusc.
719 5327 784 5400 ll,
818 5336 854 5387 l.
889 5334 925 5385 Ι.

272 5326 448 5393 (1587)
488 5327 686 5396 Opusc.
719 5326 784 5400 ll,
818 5326 854 5387 l.
889 5326 963 5385 Ι.’

218 5466 231 5474 _
271 5396 447 5474 (l§88)
489 5396 656 5452 Suum
695 5403 875 5474 ipsius
909 5416 1115 5469 opuscu
1142 5418 1229 5456 um
1270 5405 1525 5474 intelligit
1563 5409 1795 5474 Bernol-

1903 5391 2037 5472 hug.
2065 5391 2433 5474 .Bolland.,_p.
2472 5403 2598 5469 557,
2634 5407 2701 5459 ad
2725 5404 2870 5459 diem
2902 5391 2938 5462 8
2962 5391 3206 5468 August
3235 5391 3382 5457 tibi
3458 5391 3641 5474 6101'“
3726 5420 3729 5421 '
