3996 5474
482 252 624 340 iter

1475 258 1566 314 AD
1602 258 1830 316 OPERA
1870 259 1926 316 S.
1969 259 2296 318 GRECORll
2330 261 2776 344 APPENDIDES.

3633 269 3767 326 £408

483 387 593 428 non
624 369 930 444 impediret.
956 369 1053 429 llis
1075 371 1414 442 temporibus
1443 372 1494 430 in
1532 389 1700 445 regno
1729 373 2064 432 Teutonico-
2096 378 2142 434 Α
2167 377 2224 432 in
2287 377 2758 448 periculosissimo
2819 391 3060 450 tempore
3117 381 3442 437 mirabiliter
3487 383 3763 440 consolari

481 483 607 521 rum
635 465 947 521 communis
960 463 1068 519 vita
1093 463 1281 519 multis
1305 465 1362 519 in
1378 464 1516 521 locis
1539 464 1744 532 ﬂoruit,
1760 481 1872 524 non
1891 467 2072 524 solum

482 557 538 612 in
551 557 767 614 clericis
779 555 1129 612 etmonaehis
1144 555 1557 627 religiosissime
1570 559 2069 624 commanentibus,

481 664 674 706 verum
705 649 868 704 etiam
893 648 948 700 in
979 647 1156 714 laicis,
1189 662 1249 702 se
1277 657 1330 702 et
1352 663 1450 704 sua
1481 647 1550 702 ad
1581 649 1810 704 eandem
1832 665 2075 706 commu—

483 757 610 796 nem
634 741 802 794 vitam
825 738 1177 794 devotissime
1196 737 1582 805 Oilei-cutibus;
1612 740 1726 810 qui,
1747 741 1852 796 etsi
1883 741 2072 796 habitu

484 849 584 888 nec
595 831 775 887 clerici
789 846 889 886 nec
911 830 1164 886 monachi
1177 831 1508 898 viderentur,
1524 846 1868 902 nequaquam
1891 843 2072 888 tamen

481 924 564 980 eis
595 924 844 994 diSpares
874 923 930 977 in
959 924 1171 978 meritis
1195 921 1365 980 fuisse
1392 924 1692 980 creduntur
1717 925 1805 980 ⁸⁸³.
1839 924 1908 981 Se
1927 927 2074 981 enim

483 1029 676 1072 servos
700 1015 1019 1070 eorumdem
1066 1030 1166 1086 pro
1216 1015 1452 1071 Domino
1502 1014 1771 1084 fecerunt,
1798 1017 2076 1074 imitantes

482 1108 664 1178 ipsum
691 1107 786 1178 qui
816 1123 928 1162 non
952 1107 1103 1161 venit
1133 1105 1434 1162 ministrari
1461 1117 1542 1164 set
1591 1109 1926 1177 ministrare,
1979 1112 2075 1188 qui

480 1208 535 1255 et
564 1215 695 1256 suos
725 1206 1024 1259 sectatores
1055 1199 1124 1254 ad
1158 1199 1528 1269 majoritatem
1553 1216 1648 1272 per
1675 1200 1894 1258 servicii
1916 1201 2072 1256 exiti-.-

481 1293 746 1348 bitiouem
773 1293 962 1354 docuit
988 1291 1292 1362 pervenire.
1317 1292 1520 1364 Nempe
1546 1293 1652 1364 ipsi
1674 1295 2076 1352 abrenuncian—

479 1396 563 1442 tes
589 1386 794 1452 seculo,
825 1401 884 1441 se
902 1393 956 1439 et
977 1401 1075 1439 sua
1101 1385 1168 1440 ad
1203 1385 1655 1456 congregationes
1685 1395 1800 1441 tam
1847 1387 2076 1443 clerico-

479 1495 604 1534 rum
628 1495 794 1550 quam
828 1478 1227 1532 monachorum
1250 1478 1571 1550 regulariter
1592 1478 1890 1536 viventium
1913 1479 2077 1534 devo-

484 1559 698 1625 tissime
731 1570 1100 1635 contulerunt,
1126 1578 1186 1624 ut
1212 1571 1314 1625 sub
1347 1585 1539 1625 eurum
1571 1571 1877 1626 obedientia
1920 1587 2076 1626 com-

483 1660 724 1715 muniter
749 1661 931 1716 vivere
955 1662 1116 1716 eteis
1164 1662 1370 1717 servire
1418 1672 1778 1718 mererentur.
1829 1664 2076 1734 Quapro-

483 1760 605 1821 pter
677 1752 882 1806 invidia
943 1753 1147 1808 diaboli
1207 1761 1399 1808 contra
1458 1754 1776 1808 eorumdem
1842 1753 2072 1809 fratrum

481 1839 928 1909 probatissimam
996 1840 1473 1896 conversationem
1541 1843 1816 1918 quosdam
1863 1843 2078 1898 emulos

483 1929 751 1998 incitavit,
779 1931 873 2001 qui
897 1946 1088 1986 eorum
1121 1932 1290 2010 vitam
1324 1933 1581 1988 malivolo
1615 1934 1777 1989 dente
1817 1935 2076 1992 corrade-

483 2028 626 2089 rent,
652 2023 904 2093 quamvis
927 2022 1076 2094 ipsos
1121 2024 1188 2078 ad
1237 2023 1470 2078 formam
1519 2025 1809 2096 primitiva!
1851 2027 2076 2084 melesia:

484 2114 850 2168 communiter
869 2116 1053 2172 vivere
1081 2116 1348 2171 viderent.
1369 2115 1518 2172 Unde
1541 2118 1777 2174 domnus
1809 2134 1948 2189 papa
1972 2117 2076 2174 Ur-

483 2203 660 2260 banus
715 2205 934 2261 illorum
991 2208 1463 2263 conversationem
1509 2209 1578 2264 ab
1631 2209 1766 2284 ipsis
1815 2211 2076 2280 apostolis

483 2297 806 2368 plantatam,
845 2309 926 2354 set
975 2301 1044 2354 ab
1092 2315 1283 2355 eorum
1339 2301 1755 2357 successoribus
1811 2303 2076 2360 latissime

484 2392 1088 2462 propagatam,decreti
1115 2393 1200 2448 sui
1251 2394 1550 2463 apostolica
1597 2395 1921 2450 auctoritate
1977 2397 2074 2450 lir-

485 2480 674 2547 mavit,
707 2482 994 2554 ipsumque
1018 2485 1296 2540 decretum
1321 2485 1562 2554 prmiatis
1605 2486 1926 2560 eorumdem
1971 2486 2077 2542 fra-

488 2579 634 2626 trum
675 2571 761 2628 his
787 2574 966 2628 verbis
991 2575 1324 2630 denunciare
1374 2577 1587 2631 curavit
1616 2595 1628 2630 :
1668 2575 1958 2644 Quosdam,
1992 2577 2076 2632 in-

483 2665 622 2736 quit,
655 2667 950 2736 accepimus
977 2683 1172 2721 morem
1193 2676 1485 2722 vestrorum
1534 2667 1869 2722 cenobiorum
1919 2685 2073 2722 coro-

483 2755 662 2811 dentes
688 2755 780 2824 πο,
805 2775 906 2829 quo
928 2758 1094 2812 laicos
1120 2758 1296 2812 seculo
1324 2760 1711 2826 renunciantes,
1733 2767 1785 2813 et
1803 2776 1858 2814 se
1878 2776 2074 2830 suaque

483 2846 556 2900 ad
598 2863 924 2901 communem
951 2849 1115 2902 vitam
1143 2849 1546 2918 transferentes,
1585 2850 1830 2921 regendos
1863 2851 1919 2903 in
1950 2851 2072 2905 obe-

483 2940 689 2993 dientia
717 2941 1010 3010 suscipitis.
1047 2939 1159 2994 Nos
1196 2949 1372 2994 autem
1393 2941 1610 2996 eandem
1631 2944 2073 2996 conversationem

483 3039 536 3085 et
588 3032 1034 3099 consuetudinem,
1085 3033 1227 3088 sicut
1261 3032 1428 3086 oculis
1487 3035 1680 3088 nostris
1723 3035 2070 3104 inspeximus,

485 3123 836 3192 laudabilem,
855 3134 903 3178 et
925 3142 984 3178 eo
999 3135 1250 3196 perpetua
1272 3127 1664 3180 conservatione
1677 3127 2072 3198 dignissimam,

485 3234 588 3289 quo
616 3217 674 3272 in
694 3217 976 3288 primitiae:
1001 3217 1224 3272 azclesiaa
1255 3218 1484 3288 formam
1512 3219 1767 3289 impressa
1795 3228 1896 3286 est,
1917 3221 2074 3289 judi—

487 3317 687 3375 cantes,
713 3307 1088 3378 approbemus,
1117 3319 1362 3363 sanctam
1387 3319 1440 3364 et
1479 3310 1798 3366 catholicam
1829 3313 2073 3366 nomina-

488 3415 626 3467 mus,
647 3406 698 3453 et
725 3415 818 3469 per
857 3407 1141 3470 prazsentes
1181 3400 1367 3456 literas
1413 3401 1707 3472 apostolica
1755 3405 2078 3460 auctoritate

487 3493 862 3562 conﬁrmamus
895 3493 984 3547 ⁸³³.
1015 3491 1136 3548 Non
1159 3495 1338 3552 solum
1370 3503 1555 3550 autem
1593 3495 1838 3552 virorum
1881 3504 1966 3552 set
2023 3502 2080 3550 et

487 3584 818 3654 feminarum
869 3587 1286 3654 innumerabilis
1333 3587 1626 3642 multitudo
1671 3587 1759 3642 his
1809 3587 1880 3618 ⁸⁸²
1941 3595 2079 3642 tem-

489 3675 722 3746 poribus
745 3693 804 3731 se
827 3677 895 3732 ad
931 3677 1249 3746 huiusmodi
1288 3679 1456 3734 vitam
1492 3679 1863 3746 contulerunt,
1889 3688 1950 3734 ut
1977 3679 2080 3734 sub

491 3765 799 3824 obedientia
829 3769 1156 3825 clericorum
1186 3771 1301 3826 sive
1327 3773 1730 3828 monachorum
1771 3773 2079 3829 communi—

490 3869 576 3913 ter
605 3859 867 3929 viverent,
888 3861 1081 3932 eisque
1104 3878 1255 3919 more
1279 3865 1604 3922 ancillarum
1627 3865 1932 3937 quotidiani
1959 3882 2078 3922 sert-

491 3951 620 4008 vicii
649 3968 878 4023 pensum
902 3954 1255 4010 devotissime
1278 3957 1668 4026 persolverent.
1726 3957 1786 4012 lu
1831 3958 1900 3990 ⁵⁸³
1945 3959 2080 4029 ipsis

493 4058 712 4113 quoque
761 4043 906 4100 villis
946 4045 1072 4100 tiliae
1102 4047 1436 4102 rusticorum
1473 4049 1796 4115 innumerae,
1823 4049 2080 4120 conjugio

492 4145 548 4190 et
577 4136 763 4204 seculo
794 4137 1190 4193 ahrenuuciare
1239 4149 1294 4194 et
1345 4140 1449 4196 sub
1503 4141 1736 4210 alicujus
1781 4142 2080 4197 sacerdotis

495 4227 800 4281 obedientia
830 4227 1010 4284 vivere
1033 4231 1380 4286 studuerunt.
1415 4229 1507 4286 Set
1547 4239 1602 4285 et
1655 4231 1760 4302 ipsi
1805 4231 2080 4302 conjugati

495 4319 882 4374 nichilominus
901 4321 1151 4392 religiose
1167 4323 1344 4378 vivere
1364 4331 1418 4377 et
1436 4323 1706 4394 religiosis
1717 4339 1842 4377 cum
1865 4338 2080 4378 summa

491 4409 782 4467 devotione
799 4429 908 4466 non
925 4420 1278 4468 cessaverunt
1292 4415 1532 4470 obedire.
1553 4415 1876 4486 llujusmodi
1897 4424 2076 4470 autem

495 4502 738 4558 studium
800 4505 854 4558 in
909 4505 1231 4560 Alemannia
1284 4495 1633 4576 potissimum
1689 4523 2081 4578 usquequaque

495 4595 748 4651 decenter
799 4597 1063 4665 efﬂoruit;
1116 4600 1171 4654 in
1222 4615 1331 4669 qua
1366 4599 1648 4670 provincia
1681 4599 1844 4654 etiam
1898 4600 2082 4655 multa:

494 4685 636 4740 villae
663 4699 726 4741 ex
763 4686 976 4757 integro
1026 4703 1087 4742 se
1127 4689 1376 4760 religioni
1416 4689 1879 4756 eontradideruut,
1913 4705 2080 4760 seque

497 4775 726 4832 invicem
751 4781 1040 4835 sanctitate
1073 4795 1287 4836 morum
1338 4782 1637 4852 prmvenire
1683 4781 2081 4838 incessabiliter

497 4867 842 4925 studuerunt.
869 4868 960 4926 Sic
980 4871 1169 4941 utique
1193 4869 1337 4926 Deus
1360 4882 1606 4928 sanctam
1630 4883 1787 4929 suam
1812 4873 2080 4928 ecclesiam

2174 468 2430 540 dignatus
2449 479 2553 536 est,
2583 479 2640 525 ut
2667 471 2734 526 de
2759 471 3054 528 multorum
3099 475 3462 529 conversione
3485 476 3763 544 gauderet,

2175 578 2296 632 qua:
2325 563 2394 617 de
2427 563 3027 620 excommunicatorum
3055 564 3341 621 aversione
3361 565 3480 636 jam
3511 565 3610 620 diu
3659 581 3765 622 non

2175 651 2246 684 '“
2277 653 2514 709 cessavit
2537 653 2608 686 ⁸⁵⁸
2632 653 2818 709 dolere
2835 653 2924 708 "".
2940 653 3010 721 in
3032 653 3345 711 Teutonicis
3365 656 3622 725 partibus
3638 671 3767 712 caro

2175 759 2298 800 cum
2323 746 2593 821 sanguine
2617 747 2810 817 pluvit,
2833 755 2889 803 et
2915 747 3148 804 bufones
3175 763 3302 804 cum
3334 749 3584 819 piscibus
3599 765 3633 804 e
3653 749 3768 806 celo

2175 837 2510 904 ceciderunt,
2555 846 2618 894 ut
2658 839 2816 894 multi
2872 839 3182 909 probabiles
3221 839 3324 894 viri
3353 855 3414 895 se
3446 839 3656 895 vidisse
3683 849 3764 895 te-

2175 927 2304 982 stati
2334 937 2482 983 sunt.
2509 927 2567 984 lu
2599 927 2924 984 Alemannia
2957 927 3026 983 ad
3047 927 3259 998 Aquam
3287 928 3564 998 duplicem
3600 943 3768 998 prope

2176 1015 2491 1074 Danubium
2543 1019 2772 1090 sanguis
2819 1019 2888 1073 de
2940 1017 3174 1088 panibus
3199 1017 3421 1072 eliluere
3443 1017 3764 1084 videbatur;

2175 1123 2300 1179 quae
2317 1109 2532 1182 singula
2552 1109 2756 1181 aliquid
2772 1109 2899 1165 novi
2920 1108 2976 1164 in
2997 1125 3168 1180 regno
3179 1109 3510 1179 portendere
3525 1124 3558 1163 a
3581 1124 3769 1179 quam-

2175 1201 2426 1270 pluribus
2443 1201 2609 1256 etiam
2637 1199 2914 1272 religiosis
2952 1199 3336 1256 credebantur.
3387 1199 3618 1256 Juditba
3669 1199 3770 1268 pia

2177 1291 2458 1347 memoria:
2483 1291 2910 1358 marcbionissa,
2934 1290 3134 1348 nobilis
3168 1306 3364 1363 genere
3392 1300 3480 1347 set
3533 1290 3770 1345 nobilior

2177 1385 2234 1440 in
2269 1382 2576 1452 sanctitate,
2606 1397 2747 1438 uxor
2771 1383 3049 1452 quondam
3089 1381 3419 1437 Heremanni
3464 1380 3770 1452 religiosis-

2177 1479 2304 1542 simi
2337 1478 2674 1534 marchionis
2699 1477 2908 1548 (i592),
2955 1477 3208 1549 migravit
3249 1475 3318 1532 ad
3361 1475 3662 1530 Dominum
3713 1473 3764 1528 5.

2178 1570 2296 1626 Kal.
2327 1569 2598 1628 Octobris.
2625 1569 2748 1641 ipsa
2777 1569 2924 1626 enim
2955 1585 3080 1624 eum
3122 1569 3322 1624 marito
3367 1582 3476 1624 suo
3515 1565 3770 1638 religiose

2177 1664 2333 1732 vixit,
2366 1673 2491 1734 post
2520 1663 2678 1734 cujus
2715 1663 2926 1718 obitum
2972 1661 3039 1717 19
3089 1677 3264 1717 annos
3302 1661 3358 1714 in
3413 1659 3687 1716 viduitate
3713 1668 3768 1716 et

2181 1765 2370 1812 sancta
2391 1755 2806 1811 conversatione
2826 1753 3143 1825 permansit.
3165 1751 3392 1807 Demum
3411 1751 3484 1806 ad
3503 1751 3768 1806 domuum

2180 1863 2375 1918 papam
2408 1847 2694 1904 Salernum
2715 1845 2982 1916 pervenit,
3011 1845 3198 1914 ibique
3231 1843 3336 1899 sub
3359 1843 3484 1912 ejus
3515 1842 3770 1898 obedien-

2179 1938 2256 1994 tia
2312 1938 2568 1994 discessit
2630 1937 2721 1991 ⁵⁸⁵.
2792 1935 3086 1992 Adelheida
3155 1935 3227 1966 '“
3277 1933 3648 1990 Taurineusis
3701 1920 3792 1965 ω’

2182 2027 2366 2097 (1595)
2421 2027 2703 2084 comitissa
2755 2026 2826 2058 ³⁸⁸
2871 2025 2940 2082 14
2997 2024 3072 2058 ⁸⁸⁸
3121 2023 3242 2080 Kal.
3290 2025 3362 2058 '“
3404 2022 3664 2079 Januarii
3703 2025 3774 2056 ⁵⁸³

2179 2114 2314 2176 obiit
2345 2119 2437 2174 ⁸⁵⁵.
3124 2170 3129 2175 .

2864 2208 3074 2264 ΜΧΟΠ.

2251 2303 2499 2360 Domnus
2527 2320 2666 2374 papa
2693 2303 3033 2358 nativitatem
3058 2301 3274 2356 Domini
3307 2300 3364 2355 in
3398 2308 3550 2356 terra
3596 2300 3770 2356 sancti

2179 2397 2324 2452 Petri
2347 2405 2500 2450 extra
2529 2395 2758 2451 Romam
2781 2393 3092 2450 celebravit.
3119 2391 3255 2448 Nam
3277 2391 3581 2456 Guibertus
3613 2392 3770 2446 bere-

2179 2487 2395 2542 siareha
2418 2487 2491 2541 ita
2513 2502 2573 2542 se
2588 2501 2756 2556 prepe
2773 2486 2996 2541 domum
3023 2483 3198 2540 sancti
3221 2483 3366 2538 Petri
3387 2482 3765 2548 ineastellavit,

2179 2589 2240 2636 ut
2263 2594 2374 2634 non
2400 2578 2559 2634 facile
2581 2577 2788 2647 absque
2813 2576 3039 2635 humani
3065 2575 3347 2646 sanguinis
3368 2573 3642 2629 effusione
3671 2589 3766 2628 ex-

2179 2673 2304 2743 pelli
2366 2671 2492 2726 inde
2533 2669 2790 2740 potuerit.
2838 2667 3127 2724 Heinrieus
3187 2680 3426 2750 quoque,
3472 2666 3768 2735 imperator

2179 2764 2353 2835 ipsius
2385 2763 2485 2830 ⁸⁸⁸,
2516 2763 2572 2816 in
2600 2759 2978 2832 Longobardia
2997 2759 3110 2830 jam
3142 2758 3360 2814 biennio
3402 2755 3477 2789 ⁸⁸⁸
3517 2755 3752 2810 mor-ab:

2179 2865 2289 2923 tur,
2320 2856 2504 2925 ibique
2547 2854 2620 2886 m
2660 2853 3090 2922 circumquaque
3133 2850 3204 2883 "'
3253 2857 3456 2904 terram
3502 2845 3767 2902 Welfonis

2179 2945 2350 3002 Italici
2413 2945 2570 3001 ducis
2626 2944 2830 3014 praeda,
2871 2941 3020 2996 ferro
3077 2949 3132 2996 et
3175 2938 3430 2995 incendio
3485 2937 3768 2992 devastan-

2181 3051 2290 3090 non
2313 3035 2383 3066 ⁵⁸⁸
2405 3033 2644 3090 cessavit
2667 3031 2759 3096 '",
2783 3039 2846 3084 ut
2870 3030 2942 3063 ⁸⁸⁸
2963 3029 3194 3085 eundem
3228 3025 3301 3060 ⁸⁸⁸
3343 3027 3542 3081 ducem
3598 3025 3671 3057 ⁸⁸³
3715 3033 3763 3078 et

2177 3126 2660 3198 prudentissimam
2697 3123 2766 3156 ⁵⁸⁷
2797 3124 2917 3192 ejus
2937 3135 3164 3176 uxorem
3205 3135 3238 3174 a
3282 3118 3546 3173 ﬁdelitate
3589 3114 3764 3172 sancti

2176 3217 2321 3274 Petri
2351 3216 2650 3280 discedere,
2671 3214 2885 3283 sibique
2909 3213 2979 3246 ⁸³⁸
3001 3211 3261 3266 adherere
3282 3209 3664 3280 compelleret,
3687 3215 3762 3262 set

2179 3309 2413 3376 frustra;
2437 3324 2564 3364 nam
2592 3307 2703 3362 dux
2729 3307 2786 3361 in
2812 3321 2913 3360 sua
2957 3302 3225 3359 sententia
3266 3301 3529 3372 perstitit,
3555 3297 3766 3370 ipsique

2179 3403 2313 3458 satis
2333 3401 2560 3455 viriliter
2589 3398 2806 3454 restitit.
2850 3396 2944 3452 Set
2985 3403 3041 3450 et
3088 3401 3244 3464 pater
3285 3391 3534 3462 ejusdem
3587 3389 3764 3456 ducis,

2180 3492 2362 3548 Well‘o
2385 3492 2496 3547 dux
2520 3489 2803 3560 Bajoariaa,
2849 3486 3086 3544 eundem
3141 3485 3211 3518 “’
3267 3482 3591 3538 Heiuricum
3645 3488 3770 3536 ante

2179 3584 2484 3655 proximam
2506 3582 2843 3638 nativitatem
2875 3577 3091 3634 Domini
3133 3574 3460 3630 mirabiliter
3495 3571 3766 3638 confudit,

2179 3694 2341 3749 quem
2398 3676 2468 3731 ad
2523 3674 2857 3744 colloquium
2918 3669 3204 3742 pervenire
3262 3664 3566 3736 prohibuit,
3622 3662 3768 3734 quod

2183 3773 2322 3826 idem
2354 3767 2641 3824 Heinricus
2669 3774 2724 3820 et
2747 3781 2845 3820 rex
2875 3761 3220 3834 Ungarorum
3267 3757 3662 3822 condixerunt,
3701 3754 3768 3810 ad

2181 3861 2327 3934 quod
2389 3859 2554 3916 etiam
2611 3873 2749 3929 pene
2809 3857 2926 3926 jam
2990 3858 3382 3910 convenerunt.
3423 3847 3486 3902 ln
3532 3847 3604 3880 “'
3642 3846 3769 3900 Ale-

2181 3952 2401 4008 mannia
2443 3951 2667 4022 quidam
2715 3947 2888 4003 laicus
2939 3957 3284 4001 communem
3323 3940 3494 3994 vitam
3517 3952 3678 3992 more
3698 3936 3766 3967 '“

2181 4045 2551 4116 apostolorum
2573 4042 2642 4074 ⁸⁶¹
2664 4039 2947 4110 professus
2979 4036 3072 4103 ³⁸³,
3098 4033 3192 4106 qui
3220 4048 3280 4088 se
3309 4039 3366 4086 et
3388 4045 3490 4086 sua
3530 4029 3602 4084 ad
3647 4043 3769 4083 mo-

2182 4138 2482 4194 nasterium
2519 4134 2695 4190 sancti
2723 4129 3020 4187 Salvatoris
3049 4127 3234 4200 (1594)
3264 4121 3622 4187 contradidit,
3670 4120 3772 4176 ibi-

2181 4246 2290 4302 que
2309 4230 2404 4284 diu
2449 4227 2687 4282 debitam
2737 4220 3098 4279 obedientiam
3157 4215 3425 4279 exhibuit,
3477 4213 3770 4282 derepente

2183 4322 2328 4392 cepit
2349 4328 2680 4391 apostatare,
2707 4331 2874 4386 seque
2898 4319 2953 4368 et
2980 4326 3077 4368 sua
3098 4309 3165 4365 de
3186 4307 3446 4378 praedicto
3491 4310 3770 4358 monaste-

2146 4441 2148 4444 ν
2181 4413 2263 4467 rio
2281 4411 2542 4479 sacrilege
2565 4423 2677 4462 non
2697 4405 2882 4463 timuit
2899 4393 3769 4470 abripere.Quapropterdomnus

2180 4523 2322 4580 papa
2357 4505 2614 4562 Urbanus
2643 4502 2830 4558 missis
2849 4498 3022 4555 literis
3054 4495 3239 4568 (1395)
3262 4488 3562 4587 venerabili
3599 4486 3767 4587 Gebe.

2182 4599 2354 4655 hardo
2377 4594 2789 4653 Constantiensi
2821 4591 3079 4663 episcopo
3105 4603 3173 4643 ex
3197 4583 3498 4656 apostolica
3530 4583 3768 4636 auctori-

2183 4700 2294 4746 tate
2325 4687 2559 4760 praeeepi
2595 4694 2657 4742 ut
2698 4683 2929 4740 eundem
2975 4685 3278 4752 apostatam
3321 4671 3588 4729 canonice
3611 4683 3767 4760 νοσεῖ

2187 4791 2290 4852 ret,
2332 4759 2391 4838 et
2442 4794 2706 4837 mucrone
2758 4773 3122 4832 anathematis
3170 4787 3202 4826 a
3255 4765 3522 4824 membris
3568 4759 3764 4817 Christi

2187 4863 2408 4944 penitus
2439 4887 2566 4927 eum
2593 4873 2922 4948 atnputaret,
2953 4864 3060 4920 nisi
3115 4862 3185 4894 ⁸⁸³
3243 4859 3410 4914 citius
3463 4853 3534 4911 de
3583 4852 3764 4908 eadem

579 5048 592 5056 ,
1802 4982 2042 5040 V’ARLE
2072 4981 2479 5040 LECTIONES.

565 5078 636 5112 “’
665 5073 827 5133 ὃθε-
847 5079 1170 5135 auctoritate
1194 5079 1586 5136 confirmamus
1613 5081 1805 5135 desunt
1833 5080 1888 5134 2.
1975 5081 2045 5112 ⁵⁵⁰
2087 5081 2163 5132 ita
2195 5079 2244 5134 l.
2320 5077 2388 5110 ⁸⁸³
2427 5077 2598 5136 uergit
2626 5081 2834 5129 auctor.
2871 5068 2990 5126 Non
3019 5068 3198 5124 solum
3229 5095 3302 5106 —
3327 5063 3554 5136 obedire
3573 5061 3630 5136 in
3654 5057 3765 5136 ιᾳεο
