3996 5474
215 320 348 377 H09

1081 314 1364 371 APPEND.
1406 306 1620 370 IIII:
1641 314 2075 371 MONUMENTA
2115 315 2581 373 GREGORIANA.

3304 319 3469 395 guto

215 432 481 506 apostasia
505 438 559 484 et
583 426 868 498 sacrilegio
892 426 1255 498 resipisceret.
1289 426 1490 482 lterum
1513 426 1786 497 principes
1820 432 1863 485 Ι)
1887 428 2058 483 viensi
2090 429 2316 484 ecclesia:
2345 429 2459 499 jam
2483 428 2687 483 dudum
2717 427 2951 482 viduata:
2971 426 3241 482 ordinavit
3261 428 3470 498 episco-

214 521 540 581 Alemannize
587 520 656 575 ad
713 508 1085 574 defensionem
1112 529 1315 576 sancta:
1341 519 1534 574 matris
1558 518 1786 574 melesis

216 624 399 673 contra
421 613 763 669 scismaticos
788 611 1121 666 unanimiter
1149 621 1550 678 convenerunt,
1574 612 1788 681 sibique

218 705 281 759 ad
314 704 415 757 hoc
436 700 721 771 negocium
751 701 1129 770 exequendum
1154 700 1378 754 fratrem
1406 698 1789 754 Constantien—

217 796 292 851 sis
317 792 557 861 episcopi
592 791 941 846 Bertbaldum
988 790 1062 823 ⁸⁸⁸
1105 792 1302 847 ducem
1350 791 1521 845 totius
1576 790 1791 845 Suevia:

218 890 631 955 constituerunt,
658 890 753 958 qui
779 889 1019 943 nondum
1047 888 1282 957 aliquem
1298 888 1554 942 ducatum
1579 888 1789 955 habuit,

216 982 317 1037 etsi
336 980 450 1049 jam
483 979 687 1034 dudum
728 994 922 1034 nomen
972 980 1128 1034 ducis
1172 980 1373 1033 habere
1426 979 1786 1033 consueverit.

218 1072 409 1143 Magna
434 1069 610 1124 fames
635 1077 805 1124 totam
856 1068 1518 1139 Saxoniam'occupavit,
1570 1085 1692 1139 quae
1740 1079 1795 1124 et

198 1162 487 1234 principes
522 1162 670 1216 illius
704 1160 998 1231 provinciae
1036 1162 1091 1215 in
1118 1161 1256 1217 alias
1280 1161 1531 1231 regiones
1559 1176 1624 1216 eo
1647 1176 1794 1216 anno

217 1255 283 1310 ad
313 1262 531 1323 tempus
553 1253 831 1308 discedere
856 1253 1049 1323 coegit.
1083 1250 1234 1307 Unde
1268 1260 1323 1308 et
1355 1253 1622 1323 generalis
1659 1268 1795 1308 con-

216 1353 411 1400 ventus
440 1344 558 1399 fieri
581 1358 691 1398 non
722 1344 915 1413 potuit,
938 1359 1102 1413 quem
1143 1343 1418 1413 principes
1463 1345 1799 1400 Alamanniae

218 1450 341 1491 cum
380 1431 691 1489 Saxonibus
721 1434 922 1490 habere
961 1435 1268 1489 voluerunt.
1318 1434 1378 1489 In
1415 1434 1797 1507 Longobardia

216 1523 601 1591 Chounradus,
631 1524 775 1580 ﬁlius
814 1523 1054 1580 Heinrici
1096 1527 1271 1598 regis,
1310 1528 1455 1582 bona
1487 1527 1801 1584 Adalheidze

190 1678 191 1681 η
218 1613 573 1671 Taurinensis
583 1617 875 1672 eomitissa:
889 1617 907 1686 (
916 1616 1070 1687 I596)
1088 1618 1307 1685 invasit,
1322 1635 1445 1689 qua:
1455 1621 1700 1690 ejusdem
1715 1637 1803 1677 co—

216 1705 445 1760 mitissaa
472 1721 662 1776 nepos,
672 1707 819 1762 titius
840 1706 1104 1763 Friderici
1121 1710 1359 1775 comitis,
1377 1711 1577 1765 habere
1590 1712 1795 1767 debuit.

214 1792 314 1848 ille
348 1802 536 1850 autem
565 1810 748 1851 comes
774 1796 846 1829 '“
875 1798 979 1852 sub
1004 1798 1191 1853 habitu
1222 1800 1454 1854 seculari
1495 1815 1646 1855 more
1668 1818 1795 1856 san-

216 1883 286 1938 cti
322 1881 632 1938 Sebastiani
657 1886 1070 1943 strenuissimus
1094 1888 1251 1945 miles
1272 1888 1477 1945 Christi
1510 1889 1633 1957 fuit,
1645 1892 1796 1947 vide-

213 1974 339 2031 lieet
365 1975 739 2032 aeclesiasticae
776 1978 1054 2049 religionis
1102 1978 1541 2038 ferventissimus
1583 1991 1797 2038 amator

212 2075 266 2122 et
304 2067 593 2123 catholica:
642 2068 793 2139 pacis
843 2068 1151 2127 indefessus
1195 2082 1583 2144 propugnator.
1641 2072 1797 2130 Hune

182 2234 185 2237 _
210 2158 280 2190 ⁸⁸⁸
306 2158 640 2214 venerabilis
663 2175 805 2230 papa
832 2159 1148 2232 Gregorius,
1172 2163 1319 2220 hunc
1344 2164 1537 2220 beatus
1562 2165 1798 2221 Anshel-

210 2263 332 2303 mus
364 2246 636 2306 Lucensis
669 2251 960 2320 episcopus
999 2253 1157 2322 quasi
1202 2255 1423 2309 unicum
1448 2256 1620 2310 ﬁlium
1646 2272 1797 2311 ama-

207 2347 421 2394 verunt.
448 2336 614 2395 Hunc
645 2340 827 2397 clerici
853 2350 910 2396 et
937 2344 1213 2410 monachi,
1238 2344 1405 2401 immo
1434 2361 1626 2402 omnes
1670 2348 1797 2402 reli-

207 2432 343 2503 giosi
367 2431 780 2488 ferventissime
801 2434 1126 2490 dilexerunt.
1166 2435 1264 2492 [lic
1288 2438 1346 2491 in
1376 2437 1637 2492 ﬁdelitate
1668 2454 1797 2494 san-

209 2523 281 2577 cti
338 2522 489 2578 Petri
543 2532 734 2579 contra
799 2526 1137 2582 scismatieos
1194 2544 1369 2598 usque
1417 2529 1484 2583 ad
1561 2538 1796 2586 mortem

210 2610 617 2668 studiosissime
647 2615 893 2682 certavit,
919 2615 976 2669 in
999 2616 1156 2686 cujus
1188 2618 1352 2671 etiam
1391 2616 1686 2674 festivitate
1729 2621 1798 2674 de

211 2701 376 2772 hujus
396 2703 530 2758 vita:
555 2705 830 2775 ergastulo
858 2714 1098 2777 ereptus,
1122 2707 1299 2761 eidem
1327 2708 1383 2761 in
1411 2710 1594 2763 celesti
1622 2710 1797 2778 patria

210 2795 457 2850 creditur
477 2797 805 2853 associatus.
830 2795 961 2852 Erat
978 2807 1159 2854 autem
1185 2800 1331 2854 ﬁlius
1352 2800 1564 2857 domnae
1581 2802 1800 2871 Sophia:

209 2890 265 2936 et
294 2882 581 2955 Ludovvici
610 2887 846 2953 comitis,
873 2903 995 2957 qua:
1022 2897 1141 2943 erat
1179 2898 1471 2944 matertera
1505 2891 1798 2946 comitissze

207 2970 514 3044 Mathildis,
549 2992 671 3047 quae
693 2977 763 3031 ⁸⁸9
794 2994 921 3033 cum
958 2980 1182 3035 domino
1224 2996 1325 3037 suo
1374 2980 1623 3036 Welfone
1661 2982 1799 3038 duce

206 3067 263 3123 in
295 3066 453 3124 italia
485 3078 682 3125 contra
706 3071 1048 3129 scismaticos
1069 3074 1299 3128 multum
1324 3074 1608 3130 laboravit.
1653 3072 1796 3129 Obiit

206 3166 391 3213 autem
428 3160 728 3230 praedictus
766 3176 951 3217 comes
986 3162 1040 3217 in
1074 3164 1346 3233 praeterito
1395 3179 1560 3229 anno,
1611 3164 1665 3218 id
1717 3173 1802 3219 est

204 3249 502 3308 dominica:
530 3251 925 3308 incarnationis
952 3255 1106 3310 l09l.
1137 3255 1323 3310 indict.
1355 3256 1421 3321 14
1451 3256 1543 3318 ⁸⁸⁷,
1581 3256 1634 3309 5.
1680 3254 1797 3309 Kal.

205 3341 315 3399 Jul.
346 3344 568 3399 scilicet
586 3344 656 3377 ⁸⁸⁸
693 3345 749 3399 in
786 3344 1079 3405 festivitate
1110 3348 1286 3402 sancti
1313 3346 1481 3413 Petri,
1509 3355 1563 3401 et
1596 3347 1651 3400 in
1681 3363 1803 3401 cra-

205 3433 439 3500 stinum,
475 3434 533 3489 id
558 3434 716 3489 estin
745 3434 1107 3491 sollemnitate
1134 3437 1307 3492 sancti
1327 3435 1503 3503 Pauli,
1521 3437 1798 3507 sepelitur.

204 3522 385 3594 Hujus
407 3541 551 3597 ergo
580 3524 751 3581 ﬁlium
779 3543 845 3582 ex
875 3536 1033 3598 nepte
1051 3528 1265 3584 domna:
1284 3528 1593 3585 Adelheidze
1617 3544 1805 3585 susce-

203 3627 362 3685 ptum
400 3617 702 3674 Ileinrieus
726 3635 819 3675 rex
843 3636 968 3676 cum
989 3621 1102 3676 ﬁlio
1130 3638 1232 3679 suo
1257 3624 1587 3680 exheredare
1608 3641 1805 3696 propo-

204 3706 339 3774 suit,
384 3714 711 3778 terramque
738 3708 858 3779 ejus
896 3710 1168 3766 hostiliter
1223 3714 1548 3781 tnvadendo,
1595 3724 1649 3769 et
1691 3717 1804 3771 cir-

205 3818 574 3876 cumquaque
632 3806 983 3874 devastando,
1036 3809 1200 3864 etiam
1269 3809 1676 3869 Fructuariensi
1734 3816 1803 3848 ⁸⁸⁸

148 3890 155 3897 ’
204 3890 562 3951 monasterio
587 3896 757 3951 multa
787 3898 930 3952 mala
954 3899 1137 3953 intulit
1158 3899 1250 3952 ⁵⁷⁰.
1280 3898 1338 3954 In
1360 3899 1613 3971 Bajoaria
1644 3919 1805 3958 vene-

202 3985 400 4043 rabilis
459 3985 883 4059 Salcburgensis
936 3990 1228 4060 episcopus
1290 3988 1481 4052 Diemo
1526 3992 1593 4024 ’τι
1643 3992 1809 4048 Pata-

1887 532 2016 587 pum
2092 518 2313 572 nomine
2381 516 2770 585 Oudalricum,
2835 525 3039 572 sancta:
3104 517 3470 590 Augustensis

1887 606 2113 662 aeclesize
2140 607 2515 677 praepositum,
2553 623 2790 679 eumque
2820 608 2874 662 in
2921 607 3041 678 ipso
3079 607 3166 663 die
3211 615 3472 678 penteco-

1889 706 2002 752 stes
2055 712 2182 751 cum
2234 697 2489 766 episcopo
2533 696 2940 753 Constantiensi
2987 704 3042 752 et
3074 697 3471 769 Wormatiensi

1891 789 2229 844 sollemniter
2254 791 2596 844 consecravit
2631 808 2643 843 :
2682 790 2898 859 hocque
2922 805 3175 861 magnam
3219 791 3474 845 ﬁduciam

1890 879 2038 933 dedit
2058 879 2361 945 catholicis,
2380 889 2440 934 ut
2466 881 2520 934 in
2548 880 2803 935 ﬁdelitate
2831 883 3006 936 sancti
3028 880 3176 936 Petri
3212 882 3474 951 persiste-

1893 978 2034 1035 rent,
2058 980 2112 1024 et
2133 970 2568 1027 scismaticorum
2597 973 2833 1027 vesaniae
2871 971 3198 1027 indefessius
3241 972 3476 1028 obsiste-

1894 1074 2017 1119 rent
2050 1064 2140 1118 ⁸⁷².
2168 1063 2224 1117 In
2250 1062 2489 1134 Ungaria
2515 1066 2602 1119 bis
2641 1065 2979 1135 temporibus
3014 1066 3184 1120 multa
3229 1067 3477 1136 prodigia

1895 1156 2258 1225 contigerunt,
2289 1164 2347 1209 ut
2372 1155 2699 1211 audivimus.
2725 1155 2864 1211 Nam
2891 1157 3116 1227 quidam
3143 1173 3302 1211 mons
3339 1173 3396 1212 se
3424 1158 3479 1211 in

1897 1244 2205 1299 Danubium
2246 1245 2815 1314 pratcipitavitmnde
2866 1234 3064 1302 fluvius
3117 1248 3206 1301 ille
3265 1245 3479 1301 alveum

1899 1357 2060 1395 suum
2101 1349 2591 1406 mutare‘coactus,
2625 1338 3077 1408 circumiacentes
3118 1348 3297 1396 terras
3320 1341 3484 1410 longe

1900 1435 2113 1504 lateque
2132 1434 2385 1488 vastavit.
2414 1432 2545 1488 Item
2578 1434 2633 1488 in
2681 1436 2825 1489 sicca
2868 1442 3014 1489 terra
3054 1435 3207 1490 lacus
3252 1450 3485 1506 magnus

1902 1534 2030 1588 alibi
2052 1516 2296 1599 emersit,
2320 1541 2373 1585 et
2398 1533 2454 1587 in
2477 1531 2584 1587 alio
2611 1533 2732 1588 lacu
2752 1546 2911 1587 mons
2930 1532 3154 1602 quidam
3177 1532 3242 1587 de
3264 1541 3487 1603 repente

1903 1628 2409 1699 apparuit.Fluvius
2434 1644 2654 1700 quoque
2674 1628 2894 1683 nomine
2919 1628 3160 1683 Tlrizaha
3185 1627 3367 1701 (1597)
3390 1643 3487 1700 per

1905 1725 2143 1779 triduum
2176 1724 2509 1794 sanguineus
2541 1722 2716 1777 fluxit.
2752 1720 2858 1777 Sed
2883 1732 2937 1777 et
2973 1730 3132 1777 terra:
3182 1730 3365 1776 motus
3411 1720 3487 1776 iii

1903 1816 2181 1871 inauditus
2224 1815 2401 1871 factus
2428 1824 2532 1878 est,
2555 1816 2630 1869 ita
2666 1823 2725 1868 ut
2769 1813 3019 1869 homines
3059 1814 3179 1884 ejus
3224 1815 3487 1885 impetum

1902 1907 2097 1962 stando
2159 1906 2430 1961 sustinere
2497 1920 2609 1960 non
2668 1914 2909 1976 possent.
2970 1904 3200 1960 Tonitru
3268 1922 3488 1977 quoque

1901 2000 2200 2053 maximum
2264 2007 2319 2054 et
2378 2014 2410 2053 a
2460 1999 2660 2054 seculis
2727 1999 3035 2054 inauditum
3093 2000 3346 2056 homines
3406 1998 3486 2054 ibi

1900 2079 2115 2156 terruit,
2141 2088 2289 2159 quod
2319 2104 2483 2158 supra
2537 2098 2741 2145 terram
2780 2076 3055 2156 transivit,
3103 2099 3157 2145 et
3194 2092 3299 2146 sub
3342 2099 3490 2146 terra

1901 2181 2078 2236 redire
2104 2180 2444 2237 sentiebatur
2479 2182 2668 2236 eadem
2706 2181 2813 2235 via.
2846 2181 2905 2235 ln
2940 2183 3259 2237 Alemannia
3297 2181 3491 2238 Cbono

1901 2285 2088 2326 comes
2158 2270 2225 2325 de
2304 2266 2673 2343 Wulvelingin
2702 2312 2719 2337 ,
2802 2272 3258 2327 strennuissimus
3333 2272 3492 2326 miles

1902 2361 2080 2431 sancti
2125 2360 2305 2426 Petri,
2364 2361 2508 2415 diem
2559 2362 2756 2417 clausit
2811 2370 3117 2417 extremum
3159 2362 3342 2417 Idibus
3387 2360 3493 2416 0c-

1900 2453 2104 2520 tobris,
2158 2460 2213 2507 et
2254 2453 2312 2506 in
2373 2453 2710 2507 monasterio
2769 2455 2917 2524 quod
2972 2454 3091 2523 ipse
3138 2470 3264 2509 cum
3326 2451 3493 2507 fratre

1902 2557 2005 2599 suo
2053 2542 2254 2596 comite
2310 2539 2550 2595 Luitolfo
2582 2542 2656 2596 in
2695 2543 2918 2613 proprio
2968 2544 3170 2599 allodio
3222 2543 3492 2598 fundada-

1900 2633 2465 2701 verunt,honoriﬁee
2503 2635 2801 2704 sepelitur;
2852 2635 3082 2706 ejusque
3128 2637 3272 2690 bona
3322 2634 3492 2689 frater

1901 2727 2020 2797 ejus
2043 2726 2185 2781 idem
2224 2724 2495 2779 Luitolqu
2535 2724 2864 2780 hereditario
2908 2726 3033 2796 jure
3084 2726 3347 2796 possedit,
3384 2725 3491 2780 etsi

1896 2816 2012 2886 jam
2041 2816 2246 2871 dudum
2283 2815 2518 2871 seculari
2556 2815 2761 2870 militia:
2794 2815 3285 2870 abrenunciaverit.
3321 2814 3397 2869 Ne
3420 2813 3491 2846 ⁸⁷³

1901 2907 2009 2961 hoc
2044 2907 2232 2977 utique
2266 2906 2395 2963 fecit
2424 2922 2487 2960 ea
2523 2906 2845 2972 intentione,
2894 2915 2952 2961 ut
2985 2907 3053 2961 ad
3078 2906 3321 2961 seculum
3349 2906 3493 2961 redi—

1904 3006 2007 3066 ret,
2061 3006 2143 3055 set
2190 2998 2372 3069 potius
2425 2998 2546 3053 ideo
2603 3006 2665 3053 ut
2719 2997 3039 3068 praedictum
3097 2998 3491 3052 monasterium

1826 3116 1868 3172 ρ
1901 3092 2107 3147 eisdem
2157 3091 2318 3147 bonis
2361 3092 2676 3145 melioraret
2712 3091 2802 3145 '7‘.
2832 3089 2890 3145 In
2923 3092 3028 3146 hoc
3069 3106 3214 3145 anno
3256 3100 3495 3160 quatuor

1903 3181 2212 3253 presbiteri,
2253 3197 2365 3235 non
2396 3181 2547 3251 parvi
2582 3181 2821 3236 nominis
2870 3182 3009 3235 inter
3053 3196 3184 3237 suos
3219 3180 3291 3214 ⁵⁷⁸
3320 3188 3372 3236 et
3401 3194 3495 3235 rc—

1903 3273 2145 3344 ligionis,
2179 3288 2243 3327 ex
2273 3271 2470 3327 Suevia
2499 3272 2569 3303 ⁵⁷⁵
2610 3271 2991 3327 Jerosolimam
3021 3273 3075 3326 in
3100 3272 3405 3326 orationem
3424 3270 3494 3303 ⁵⁷⁸

1904 3361 2134 3434 profecti
2168 3370 2336 3428 sunt;
2369 3363 2460 3433 qui
2491 3370 2615 3433 post
2648 3364 2852 3419 multas
2896 3362 3278 3417 tribulationes
3315 3370 3369 3416 et
3391 3376 3492 3415 an—

1906 3442 2114 3524 gustias
2149 3453 2205 3507 in
2230 3453 2351 3522 ipso
2392 3452 2608 3518 itinere,
2652 3468 2777 3507 cum
2807 3453 3064 3518 redirent,
3099 3452 3151 3505 in
3185 3452 3327 3505 bona
3358 3465 3494 3505 con-

1905 3543 2142 3599 fessione
2185 3543 2320 3599 satis
2360 3542 2591 3599 feliciter
2631 3543 2857 3609 obiere;
2912 3557 3148 3612 quorum
3199 3558 3362 3606 unus,
3400 3539 3495 3611 qui

1903 3641 2150 3690 sanctam
2191 3633 2418 3688 Mariam
2454 3634 2772 3705 quotidiano
2816 3633 2991 3689 ofﬁcio
3034 3631 3297 3705 singulari
3331 3633 3498 3687 devo-

1906 3733 2055 3781 tione
2076 3727 2323 3781 venerari
2348 3727 2651 3793 consuevit,
2677 3727 2744 3781 ad
2766 3726 3038 3782 azclesiam
3067 3732 3272 3781 sancta:
3289 3722 3495 3791 Mariae,

1904 3817 1960 3872 in
2006 3818 2126 3885 ipso
2158 3819 2297 3872 mari
2328 3834 2451 3873 cum
2494 3828 2820 3882 moreretur,
2848 3834 2945 3887 per
2983 3817 3167 3873 navim
3193 3815 3305 3869 Deo
3344 3814 3497 3869 ordi-

1904 3916 2070 3961 nante
2108 3908 2383 3977 deportari
2430 3909 2649 3974 meruit,
2691 3909 2872 3977 ibique
2915 3923 2946 3961 a
2986 3914 3182 3977 quarto
3205 3919 3499 3961 consacer-

1906 3997 2034 4052 dote
2065 4014 2188 4065 suo,
2232 3998 2326 4069 qui
2366 3999 2518 4054 solus
2544 4015 2610 4054 ex
2651 4000 2758 4054 illis
2799 4006 3055 4069 quatuor.
3080 3997 3259 4052 adhuc
3305 4011 3498 4066 super-

1513 4124 1750 4181 VARIAE
1789 4127 2196 4186 LECTIONES.

272 4256 347 4288 ⁸⁸³
376 4256 436 4311 b.
474 4257 705 4333 nomine
730 4257 810 4333 2._
861 4260 931 4333 “fi
952 4269 1572 4333 qmgseqztunturnsque
1605 4261 1763 4318 Hunc
1785 4264 1969 4320 clerici
2002 4268 2057 4320 in
2090 4267 2203 4320 loco
2240 4286 2359 4323 raso
2388 4269 2435 4324 Ι.

198 4325 274 4357 ⁸⁸⁸
311 4341 445 4395 qua:
470 4356 548 4366 —
573 4325 838 4382 laboravit
858 4325 1044 4383 desunt
1070 4331 1123 4386 2.
1162 4325 1268 4364 ’⁸⁸⁷
1303 4325 1497 4386 Χ1111.’
1539 4333 1609 4365 ⁸ε⁸
1648 4334 2091 4390 scilicet—mala
2121 4338 2302 4393 intulit
2325 4340 2512 4394 desunt
2533 4341 2587 4394 2.
2663 4342 2732 4373 ⁸⁵³
2761 4337 2954 4393 inloco
2980 4354 3101 4392 raso
3132 4338 3181 4389 l.

198 4398 377 4459 pergit
408 4397 464 4450 1.
545 4397 617 4427 ⁵⁷¹
657 4396 857 4451 inloco
888 4416 1008 4453 raso
1050 4402 1097 4455 1.
1170 4402 1242 4434 ⁸⁷¹
1278 4404 1445 4459 verait
1486 4402 1537 4457 1.
1643 4404 1713 4436 ⁵⁷³
1738 4406 1820 4459 ita
1858 4406 1908 4459 1.
1989 4408 2060 4439 ⁵⁷⁸
2094 4410 2262 4459 nemit
2318 4411 2368 4459 l.
2449 4411 2517 4443 ⁸⁷³
2543 4412 2622 4459 ita
2655 4410 2940 4459 distinam’t
2996 4409 3047 4459 1.
3124 4407 3181 4438 ⁸⁷¹

174 4398 377 4473 pergit
408 4397 464 4450 1.
545 4397 626 4473 ⁵]ξῂ
657 4397 712 4449 in
743 4396 857 4473 loco
888 4416 1008 4453 raso
1050 4402 1097 4455 1.
1157 4402 1242 4473 ’⁸⁷⁸
1277 4404 1445 4473 pergit
1486 4402 1537 4457 1.

198 4464 500 4537 grinantes
560 4464 994 4540 Hierosolymam
1044 4464 1288 4541 profecti
1311 4464 1456 4528 sunt.
1484 4473 1537 4527 5.

2514 4270 2582 4302 m
2621 4269 2858 4325 llunc—
2879 4268 3185 4323 associatus
3213 4264 3404 4318 desunt
3436 4262 3492 4316 2.

2533 4341 2567 4366 ca
2663 4342 2732 4366 asa
2761 4342 2814 4366 ε..
2845 4337 2954 4366 1......
2980 4354 3101 4366 ...κη
3132 4338 3151 4366 ι
3286 4333 3355 4366 570
3385 4333 3492 4366 ὅηηι

3385 4349 3495 4386 tam

1989 4408 2060 4439 ’τι
2092 4410 2262 4480 pergit
2318 4411 2368 4464 l.
2449 4411 2517 4443 ιη
2543 4412 2622 4466 ita
2655 4410 2940 4472 distinquit
2996 4409 3047 4463 1.
3124 4407 3194 4438 ⁸⁷⁸
3228 4403 3285 4458 δέ
3326 4415 3494 4475 rere-

1728 4586 1961 4643 NOT/E.

273 4686 659 4766 (l596)'l_n_ter
679 4691 1003 4766 bona,_q_ua_e
1051 4691 1326 4766 Adelheidi
1380 4710 1447 4749 ex
1497 4695 1808 4752 haereditate

195 4757 811 4837 paterna'obtjgerant,
829 4757 1147 4837 Quichenon
1174 4763 1333 4837 (Hist.
1361 4766 1640 4837 genealog.
1668 4769 1734 4823 de
1757 4768 1808 4823 la

199 4825 429 4886 inaison
459 4829 535 4900 de
560 4825 759 4900 Savoie
786 4828 938 4900 μιν,
971 4847 1024 4900 p.
1049 4825 1199 4900 200.)
1238 4825 1490 4889 numerat
1533 4825 1811 4893 marehio—

199 4911 401 4956 natum
468 4898 545 4954 de
598 4894 773 4970 Susa,
819 4894 1076 4956 ducatum
1123 4894 1516 4960 Taurinensem
1544 4948 1559 4970 ,
1611 4909 1809 4963 vallem

197 4970 584 5043 Agostanam,
638 4967 883 5038 aliasque
932 4981 1107 5028 terras
1168 4975 1312 5030 circa
1358 4967 1655 5049 Genevam,
1687 4995 1811 5050 quae

973 5064 1338 5133 Meginfredus
1366 5068 1613 5125 marcbio

200 5197 597 5251 Herimannus
630 5190 804 5247 Alam.
950 5188 1243 5246 Adalbeida

1915 4701 2098 4754 omnia
2117 4696 2575 4767 defunctamatre
2598 4695 2664 4750 ad
2698 4695 2868 4751 ﬁlium
2912 4695 3033 4767 ejus
3071 4696 3497 4767 primogenitum

1913 4769 2137 4826 Petrum
2164 4762 2606 4832 devolvebantur,
2632 4775 2685 4821 et
2709 4782 2739 4821 a
2760 4775 2911 4835 patre
2935 4762 3003 4822 ad
3028 4762 3193 4821 ﬁliam
3235 4762 3499 4835 Kgnetem

1915 4840 1982 4896 de
2019 4838 2288 4895 Sabaudia
2327 4848 2552 4910 nuptam
2580 4836 2855 4910 Friderico
2889 4837 2956 4891 de
2991 4837 3183 4910 Monte
3210 4836 3504 4910 Belligardl

1918 4925 2013 4965 seu
2044 4911 2168 4971 Bar,
2193 4916 2247 4981 et.
2265 4906 2472 4981 comiti
2493 4907 3026 4981 Lucelemburgensi.
3054 4906 3178 4962 Uss.
3206 4935 3278 4947 -—-
3304 4906 3506 4981 Séqui-

1920 4990 2007 5036 tur
2042 4980 2267 5053 Agnetis
2297 4993 2363 5032 ex
2394 4977 2689 5034 Adelheide
2714 4986 2948 5032 stemma
2981 4999 2994 5033 :

1384 5193 1503 5251 Otto
1527 5199 1821 5264 Sabaudiae
1843 5221 2026 5263 comes
