3996 5474
509 177 638 230 1111

1499 175 1589 229 AD
1627 172 1858 231 OPERA
1897 173 1952 229 S.
1993 172 2321 231 GREGORII
2357 173 2794 232 APPENDICES.

3662 182 3791 238 1412

507 299 645 349 erat.
675 286 975 344 honoriﬁce
1008 287 1289 358 sepelitur,
1311 288 1534 358 ipseque
1567 289 1812 360 sepultor
1840 288 1958 359 ejus
1990 304 2097 342 non
2129 291 2174 347 A
2200 287 2370 342 multa
2395 288 2645 342 incendia
2675 303 2785 343 non
2813 288 2986 343 multo
3009 297 3132 360 post
3163 304 3261 360 per
3286 291 3432 345 illam
3460 299 3668 347 terram
3696 296 3795 351 late

511 382 684 436 multo
709 388 832 450 post
851 379 921 411 ⁸⁷⁷
948 379 1132 434 itidem
1158 380 1229 410 ⁸⁷⁸
1255 379 1576 450 defungitur
1621 381 1711 434 ⁵⁷⁸.
1747 380 1985 446 Beatrix,
2007 396 2098 435 so-

504 489 600 526 ror
645 471 905 528 Friderici
959 471 1295 528 marchionis
1339 471 1523 542 (1508)
1561 480 1616 526 et
1660 487 1800 526 uxor
1820 473 2097 542 quondam

504 560 780 616 Berthaldi
803 561 960 617 ducis
985 561 1192 632 (1590),
1218 561 1436 615 tandem
1475 576 1571 630 per
1592 561 1907 616 diuturnam
1950 561 2100 616 inﬁr—

505 655 750 708 mitatem
787 670 816 708 a
846 653 1080 708 Domino
1115 653 1548 708 misericorditer
1587 652 1852 723 castigata
1883 661 1938 706 et
1965 667 2096 706 exa-

506 746 710 799 minata
735 745 1051 800 felicissime
1081 745 1150 777 ⁸⁷⁸
1172 745 1317 800 diem
1341 745 1540 800 clausit
1559 753 1863 798 extremum
1897 743 1947 796 7.
1975 741 2094 796 Kal.

503 835 846 902 Novembris,
875 837 1004 891 etin
1042 836 1262 891 civitate
1285 835 1593 890 Leucorum
1614 834 1684 889 ab
1709 834 1968 904 episcopo
1993 832 2098 888 loci

503 927 805 982 honoriﬁce
830 927 1381 997 sepelitu,r.,Domnus
1425 924 1772 993 Oudalricus,
1803 926 1896 996 qui
1933 925 2100 980 abba--

504 1015 636 1070 tiam
673 1017 848 1071 sancti
878 1015 1018 1071 Galli
1059 1025 1114 1071 et
1156 1017 1559 1086 Aquileiensem
1581 1016 1956 1085 episcopatum
1988 1029 2097 1068 non

504 1104 760 1160 intrando
783 1122 880 1176 per
909 1106 1111 1160 ostium
1160 1106 1417 1170 obtinuit,
1455 1121 1553 1175 per
1584 1105 1856 1175 quendam
1897 1087 2098 1160 'mona-

504 1199 670 1254 chum
706 1199 792 1253 sui
829 1198 1148 1253 monasterii
1195 1197 1378 1268 (1400)
1419 1195 1798 1252 Gebehardum
1821 1195 2096 1251 Constan—

502 1289 732 1342 tiensem
755 1288 1072 1358 episcopum
1097 1288 1450 1358 supplantare
1490 1296 1722 1342 conatus
1747 1296 1852 1352 est,
1893 1285 1979 1341 cui
2007 1288 2094 1340 in-

503 1384 822 1438 vestituram
847 1382 1094 1452 ejusdem
1121 1383 1470 1452 episcopatus
1491 1395 1522 1434 a
1555 1379 1814 1434 lleiurico
1837 1379 2096 1448 impetra-

502 1475 598 1528 vit.
629 1472 722 1529 Set
741 1489 864 1529 cum
889 1473 1121 1528 eundem
1164 1473 1628 1543 supplautatorcm
1678 1479 1805 1524 ante
1859 1469 2093 1523 natalem

504 1565 720 1621 Domini
757 1561 1132 1620 iuthronizare
1171 1565 1352 1629 vellet,
1387 1580 1420 1619 a
1456 1561 1971 1618 Constantiensibus
2008 1574 2096 1614 re-

501 1665 692 1728 ceptus
723 1672 830 1711 non
852 1666 954 1723 est,
983 1657 1150 1712 immo
1183 1671 1294 1710 non
1323 1656 1442 1711 sine
1479 1653 1808 1710 contumelia
1835 1653 2094 1722 repedare

503 1749 819 1819 compulsus
852 1756 952 1802 est.
979 1745 1209 1817 Magnus
1247 1761 1466 1817 quoque
1517 1755 1675 1800 terra:
1703 1752 1884 1798 motus
1916 1743 1971 1797 in
1998 1757 2092 1798 eo-

501 1839 624 1892 dem
646 1839 962 1910 episcopatu
992 1839 1137 1909 apud
1171 1839 1364 1893 cellam
1403 1835 1704 1892 Salvatoris
1750 1850 1818 1891 eo
1846 1843 2092 1906 tempore

502 1938 666 2008 noctu
691 1929 950 1999 contigit;
974 1929 1118 1984 unde
1139 1938 1194 1984 et
1219 1929 1410 1999 paucis
1443 1936 1573 1982 tunc
1601 1927 1859 1993 innotuit,
1897 1936 2093 1998 praeter

500 2022 767 2090 quosdam
790 2021 1078 2092 religiosos
1109 2020 1256 2076 viros
1299 2020 1483 2091 (MOI)
1523 2029 1578 2074 et
1605 2017 1860 2085 feminas,
1891 2018 2092 2090 quibus

501 2113 691 2166 eadem
726 2121 886 2166 nocte
915 2113 1159 2168 nondum
1195 2127 1425 2167 somnus
1465 2110 1724 2180 obrepsit.
1753 2109 1912 2165 Hunc
1937 2117 2093 2164 terra:

502 2213 708 2257 metum
755 2204 1008 2258 catholici
1063 2203 1219 2272 juxta
1266 2203 1612 2274 evangelium
1670 2202 1910 2257 divinam
1953 2202 2092 2256 iram

502 2294 824 2362 portendere
853 2309 954 2364 pro
978 2294 1295 2364 supradicta
1333 2293 1761 2364 przesumptione
1796 2308 1904 2347 non
1933 2293 2093 2348 dubi-

507 2391 714 2438 tarum.

1181 2475 1418 2532 MXCIII.

571 2565 820 2622 Domnus
843 2581 980 2638 papa
1019 2567 1277 2623 Urbanus
1309 2569 1648 2624 nativitatem
1687 2569 1906 2625 Domini
1939 2578 2090 2626 extra

502 2656 732 2712 Romam
757 2659 812 2713 in
837 2669 980 2713 terra
1007 2661 1178 2714 sancti
1203 2659 1347 2716 Petri
1365 2663 1676 2729 celebravit,
1700 2677 1766 2718 eo
1785 2663 1930 2733 quod
1953 2679 2092 2718 non-

500 2750 632 2805 dum
666 2749 894 2804 Romam
931 2752 1136 2821 absque
1167 2761 1376 2807 armata
1410 2771 1572 2808 manu
1604 2755 1807 2809 intrare
1833 2755 2088 2825 potuerit,

501 2839 852 2896 Guibertistis
920 2842 1141 2913 quidem
1195 2851 1251 2898 et
1311 2846 1802 2901 excommunicatis
1859 2847 2090 2901 multum

503 2933 684 2987 adhuc
708 2933 782 2988 ibi
808 2934 1250 3004 przevalentibus,
1279 2951 1380 2990 nec
1402 2935 1559 2992 facile
1580 2952 1640 2992 se
1655 2938 1862 3008 absque
1885 2938 2094 2993 violen-

501 3023 572 3078 tia
607 3024 730 3079 inde
751 3026 946 3095 expelli
975 3026 1436 3096 permittentibus.
1477 3027 1596 3098 Ipse
1619 3044 1748 3084 vero
1798 3029 2092 3086 Guibertus

499 3130 566 3169 eo
605 3123 846 3186 tempore
867 3133 992 3172 cum
1020 3117 1346 3188 imperatore
1371 3134 1472 3174 suo
1487 3118 1741 3177 lleinrico
1772 3119 2091 3192 Longobar-

499 3206 603 3260 diae
639 3208 978 3275 niorabatur,
1011 3218 1066 3263 et
1086 3210 1347 3280 quicquid
1385 3211 1562 3281 potuit
1587 3227 1710 3267 cum
1753 3213 1870 3283 ipso
1901 3222 2090 3268 contra

499 3297 696 3352 ducem
725 3297 1030 3354 Welfoncm
1057 3309 1110 3354 et
1132 3301 1253 3371 ejus
1283 3316 1511 3358 uxorem
1545 3303 1882 3371 Mathildam,
1917 3307 2090 3361 sancti

501 3388 646 3442 Petri
673 3387 861 3457 ﬁliam,
888 3391 1324 3448 machinabatur.
1359 3392 1700 3451 Venerabilis
1733 3395 2087 3464 Wernherus,

501 3478 971 3551 Merseburgensis
999 3483 1228 3538 ecclesia;
1251 3485 1564 3554 episcopus,
1585 3495 1709 3556 post
1737 3488 1938 3542 multas
1961 3504 2090 3543 con-

499 3568 823 3626 ﬁictationes
865 3581 1058 3627 contra
1105 3575 1543 3630 scismaticorum
1591 3577 2088 3648 tergiversatioues,

497 3661 720 3716 tandem
766 3662 821 3717 in
869 3663 1127 3719 ﬁdelitate
1175 3668 1349 3722 sancti
1405 3667 1553 3723 Petri
1598 3668 1742 3724 diem
1786 3679 2088 3724 extremum

499 3753 740 3822 clausit;
777 3755 870 3823 qui
901 3755 1052 3810 solus
1092 3766 1222 3813 tunc
1263 3759 1319 3812 in
1365 3758 1604 3815 Saxonia
1631 3760 1912 3816 catholicae
1934 3776 2088 3816 com-

499 3845 776 3899 munionis
825 3847 1114 3918 episcopus
1167 3852 1450 3907 remansit.
1500 3850 1656 3906 Unde
1707 3862 1763 3907 et
1805 3853 2091 3907 catholicis

497 3951 752 4008 magnam
777 3939 1086 4007 tristiciam,
1121 3952 1175 3998 et
1208 3946 1696 4001 excommunicatis
1718 3961 1970 4016 magnam
2007 3945 2088 3999 lc-

499 4029 682 4084 ticiam
712 4031 967 4088 obeundo
1003 4034 1244 4104 reliquit.
1278 4034 1425 4090 Obiit
1464 4047 1645 4092 autem
1688 4037 1822 4093 satis
1861 4035 2090 4092 feliciter

498 4119 550 4172 ’5.
579 4119 706 4200 ldus
750 4120 1019 4179 Januarii.
1079 4125 1138 4180 In
1186 4126 1508 4182 Alemannia
1562 4143 1660 4198 per
1710 4128 1924 4184 diversa
1971 4128 2088 4184 loca

499 4211 656 4265 multi
704 4211 858 4283 ignes
901 4231 998 4284 per
1041 4231 1224 4271 aerem
1281 4218 1443 4272 simul
1489 4218 1617 4273 ferri
1662 4219 1986 4274 videbantur
2033 4219 2087 4272 in

2200 387 2514 448 grassatum
2567 377 2877 449 signiﬁcare
2924 393 3034 432 non
3068 378 3480 434 dubitabantur.
3510 379 3653 437 Nam
3689 384 3793 440 dux

2201 464 2378 522 Welfo
2403 475 2457 521 et
2481 481 2666 521 comes
2693 464 2982 522 Odalrieus
3015 465 3084 498 ⁵⁷⁸
3118 467 3186 522 de
3211 466 3494 539 Brigantio
3536 471 3726 542 (1402)
3747 483 3796 528 et

2198 557 2292 612 alii
2337 573 2502 628 quam
2544 559 2729 627 plures
2775 557 3108 612 omnimodis
3143 573 3202 612 se
3240 560 3477 614 invicem
3533 561 3796 617 incendiis

2199 647 2482 702 devastarc
2521 647 2764 718 aggressi
2807 657 2954 703 sunt.
3006 647 3308 720 Sigifredus
3333 649 3507 705 abbas
3558 651 3792 706 Scafhu-

2199 739 2378 794 sensis
2404 740 2472 794 de
2502 727 2820 794 Alcmannia
2853 740 3046 795 cellam
3096 741 3439 798 Nohiliacum
3480 742 3674 812 (1105)
3710 745 3793 798 di-

2197 837 2340 885 ctam
2368 845 2398 884 a
2443 829 2716 886 Richardo
2741 829 3067 888 Massiliensi
3109 833 3303 888 abbate
3337 835 3678 905 impetravit,
3715 837 3792 890 lo—

2197 935 2435 992 cumque
2459 922 2562 977 sibi
2586 923 2810 992 suisque
2861 921 3122 978 fratribus
3165 924 3240 978 ibi
3285 926 3640 994 praeparavit,
3691 942 3794 998 quo

2197 1015 2266 1070 ad
2290 1022 2502 1085 tempus
2532 1015 2782 1069 secedere
2811 1023 3016 1085 posset,
3054 1016 3101 1069 si
3145 1015 3286 1071 forte
3312 1016 3368 1070 in
3394 1032 3501 1071 suo
3521 1029 3789 1074 monaste-

2195 1106 2281 1160 rio
2297 1114 2521 1176 propter
2533 1107 3156 1162 cxcommunicationem
3175 1107 3469 1177 persistere
3491 1111 3792 1179 nequisset-

2196 1195 2332 1251 Nam
2377 1197 2466 1250 illa
2502 1207 2790 1252 veternosa
2833 1199 3333 1253 excommunicatio
3356 1215 3527 1269 quam
3552 1201 3660 1270 piae
3687 1217 3786 1255 me

2197 1287 2387 1342 moria:
2411 1287 2707 1358 Gregorius
2729 1305 2870 1360 papa
2893 1305 3057 1359 super
3077 1289 3400 1345 Guibertum
3431 1299 3488 1346 et
3512 1293 3638 1360 ejus
3657 1307 3782 1347 com

2196 1379 2362 1449 plices
2389 1377 2534 1445 fecit,
2554 1379 2669 1449 jam
2693 1381 2830 1434 adeo
2861 1381 3100 1450 majores
3130 1389 3295 1450 atque
3320 1382 3570 1437 minores
3599 1383 3657 1436 in
3676 1382 3797 1437 Ale-

2197 1468 2416 1524 manuia
2473 1470 2884 1535 contaminavit,
2917 1479 2979 1525 ut
3018 1469 3223 1541 quique
3263 1471 3512 1542 religiosi
3555 1487 3620 1528 se
3658 1472 3794 1527 inter

2195 1577 2292 1617 eos
2315 1562 2463 1618 salva
2491 1563 2762 1618 catholica
2781 1564 3165 1620 communione
3179 1566 3578 1635 perduraturos
3603 1567 3794 1638 despe-

2197 1653 2454 1708 raverint.
2501 1651 2850 1709 Nobilissima
2894 1655 3173 1710 comitissa
3211 1654 3437 1726 Sophia,
3485 1658 3656 1712 vidua
3684 1657 3792 1712 Lu-

2197 1743 2389 1798 dowici
2419 1743 2656 1808 comitis,
2688 1753 2862 1798 mater
2885 1744 2987 1815 pia:
3020 1747 3300 1802 memoria'
3329 1745 3602 1804 Beatricis
3643 1749 3792 1804 ducis

2197 1842 2252 1888 et
2297 1831 2560 1888 Frideriei
2605 1833 2960 1900 marchionis,
3011 1835 3066 1888 in
3119 1841 3400 1890 senectute
3452 1835 3624 1901 bona,
3670 1851 3792 1890 eum

2193 1925 2310 1995 jam
2343 1925 2546 1980 multos
2585 1925 2835 1980 ﬁliorum.
2863 1942 3090 1982 suorum
3127 1926 3269 1982 ﬁlios
3296 1927 3369 1958 ⁸³⁸
3389 1925 3626 1992 videret,
3652 1927 3790 1981 die

2198 2019 2394 2074 clausit
2438 2029 2766 2075 extremum.
2833 2019 2892 2074 In
2950 2019 3325 2091 Longobardia
3376 2019 3790 2089 prudentissimi

2199 2112 2397 2166 milites
2425 2111 2598 2166 sancti
2619 2110 2788 2176 Petri,
2807 2109 2984 2165 Welfo
2999 2109 3108 2166 dux
3126 2120 3180 2166 et
3203 2125 3343 2165 uxor
3363 2111 3486 2180 ejus
3509 2108 3788 2174 Mathilda,

2193 2203 2307 2274 jam
2345 2203 2580 2257 triennio
2613 2211 2799 2257 contra
2828 2203 3170 2258 scismatieos
3192 2202 3422 2256 viriliter
3439 2201 3786 2266 dimicantes,

2197 2295 2414 2348 tandem
2437 2295 2672 2348 multum
2693 2302 2885 2349 contra
2907 2295 3074 2364 ipsos,
3093 2293 3202 2350 Deo
3224 2293 3550 2364 opitulante,
3574 2291 3788 2348 confor-

2197 2386 2296 2441 tati
2329 2393 2476 2440 sunt.
2526 2385 2662 2440 Nam
2713 2385 3078 2441 Chounradus
3119 2385 3263 2441 ﬁlius
3297 2384 3542 2440 Heinrici
3587 2385 3730 2455 regis
3758 2400 3789 2438 ι

2195 2486 2350 2550 patre
2370 2477 2641 2544 discessit,
2671 2486 2727 2532 et
2749 2476 2986 2532 Welfoni
3011 2477 3134 2532 duci
3175 2476 3514 2546 reliquisque
3541 2475 3788 2530 ﬁdelibus

2197 2566 2372 2622 sancti
2394 2565 2537 2621 Petri
2559 2575 2748 2622 contra
2774 2575 2985 2638 patrem
3007 2581 3134 2620 cum
3167 2565 3282 2620 suis
3330 2565 3565 2634 adjuvit.
3589 2564 3788 2618 Civita-

2196 2665 2281 2712 tes
2307 2674 2526 2729 quoque
2550 2660 2617 2714 dc
2641 2657 3040 2731 Longobardia,
3073 2656 3458 2723 Mediolanum,
3489 2655 3785 2718 Cremona,

2197 2749 2405 2817 Lauda,
2431 2750 2727 2817 Placentia,
2753 2758 2946 2805 contra
2976 2746 3290 2804 Heinricum
3313 2749 3370 2802 in
3403 2747 3602 2819 viginti
3619 2763 3788 2801 anuos

2197 2844 2648 2912 conjuraverunt,
2691 2844 2787 2913 qui
2832 2857 3023 2897 omnes
3071 2841 3332 2912 przedicto
3381 2841 3513 2896 duci
3567 2841 3788 2895 ﬁdeliter

2200 2937 2550 2992 adhcserunt.
2597 2935 2884 2991 Trausitus
2923 2934 3091 2989 etiam
3135 2933 3351 3004 Alpium
3383 2933 3440 2986 in
3471 2930 3788 3002 Langobar-

2194 3028 2339 3084 diam
2387 3028 2607 3098 quidam
2659 3027 3011 3082 obtinuerunt
3045 3035 3105 3079 ut
3145 3024 3388 3079 fautores
3436 3021 3682 3078 Heinrici
3722 3021 3786 3075 ad

2195 3123 2374 3192 ipsum
2402 3137 2510 3175 non
2555 3129 2780 3191 possent
2825 3118 3116 3190 prolicisci.
3163 3116 3543 3188 Augustenses
3581 3117 3779 3188 episcu

2192 3228 2322 3284 pum
2368 3211 2552 3284 (1404)
2575 3228 2737 3284 quem
2787 3209 3075 3266 Heinricus
3107 3210 3214 3264 illis
3243 3209 3393 3265 dedit
3437 3210 3782 3279 expulerunt,

2193 3305 2406 3376 ipsique
2449 3303 2552 3360 sibi
2596 3303 2926 3359 catholicum
2981 3311 3254 3372 pastorem
3291 3300 3478 3368 (1405)
3525 3299 3784 3355 canonice

2190 3397 2488 3468 elegerunt,
2533 3395 2628 3466 qui
2674 3394 3093 3467 Eboregiensem
3135 3393 3457 3463 episcopum
3489 3393 3544 3445 in
3569 3391 3786 3446 castello

2190 3503 2301 3558 quo
2345 3487 2610 3542 transitus
2649 3487 2864 3556 Alpium
2901 3484 3210 3541 custoditur
3249 3483 3436 3556 (1106)
3475 3484 3786 3554 eaptivavit.

2191 3581 2336 3652 quod
2363 3563 2476 3652 ipse
2498 3581 2574 3636 illi
2599 3580 2776 3635 facere
2797 3580 3130 3636 deliberavit.
3163 3579 3416 3634 Metentis
3451 3581 3704 3635 :ccclesia
3737 3591 3786 3634 et

2191 3671 2464 3728 Tullensis
2485 3682 2540 3726 et
2561 3671 2920 3728 Virduuensis
2949 3673 3018 3727 ab
3060 3671 3372 3727 obedientia
3403 3671 3478 3703 ⁸⁸⁸
3505 3671 3784 3742 Eigilberti

2191 3763 2543 3820 Treverensis
2582 3764 3036 3820 excommunicati
3073 3764 3474 3830 discesserunt,
3518 3765 3683 3834 eique
3733 3778 3786 3817 se

2191 3869 2302 3910 non
2322 3856 2558 3927 amplius
2583 3856 2897 3910 obcdituras
2942 3854 3284 3925 apertissime
3346 3854 3782 3916 mandaverunt;

2190 3961 2428 4015 quorum
2471 3945 2727 4002 Metensis
2778 3945 3015 4000 refutato
3060 3945 3320 4015 episcopo
3378 3945 3572 4016 (N07)
3628 3962 3781 4016 quem

2193 4045 2482 4102 lleinricus
2515 4045 2595 4102 eis
2621 4047 2752 4102 dare
2789 4046 2982 4112 voluit,
3018 4045 3122 4116 ipsi
3150 4044 3255 4099 sibi
3299 4046 3571 4100 canonice
3595 4047 3666 4077 ³⁸¹
3691 4062 3782 4100 ra-

2191 4135 2450 4193 tholicum
2476 4145 2750 4207 pastorem
2780 4137 2963 4209 (1108)
2992 4137 3206 4207 elegere
3234 4135 3328 4203 “',
3356 4151 3600 4207 eumque
3626 4153 3658 4191 a
3681 4136 3778 4191 Ge

2191 4227 2434 4282 behardo
2455 4225 2862 4283 Constantiensi
2891 4228 3168 4297 episcopo,
3195 4226 3342 4282 sedis
3367 4226 3685 4296 apostolica:
3706 4228 3777 4279 Ie-

497 4309 690 4357 octava
710 4303 1014 4374 epiphanize
1037 4307 1090 4360 in
1125 4323 1344 4363 summo
1376 4325 1554 4364 mane.
1600 4309 1695 4380 qui
1726 4311 1916 4381 utique
1938 4311 2090 4382 ignes
2121 4333 2167 4390 υ
2193 4326 2339 4390 gato,
2375 4319 2642 4374 catholico
2674 4329 2837 4390 atque
2876 4318 3135 4374 canonice
3183 4317 3500 4373 consecrari
3529 4315 3700 4372 fecere
3723 4319 3771 4368 6.

1802 4449 2032 4506 VARUE
2071 4451 2469 4510 LECTIONES.

563 4554 637 4589 δ”
667 4568 784 4626 post
810 4558 870 4612 iti
900 4559 1087 4626 folium
1116 4562 1314 4615 excidit
1361 4561 1414 4616 2.
1493 4563 1562 4594 ⁷⁸
1595 4563 1650 4615 in
1690 4561 1804 4616 loco
1834 4579 1956 4616 raso
1983 4565 2032 4618 1.

497 4625 566 4659 ⁸⁸⁸
589 4625 730 4682 deest
763 4628 818 4682 2.
897 4625 968 4660 ⁸⁸³³
989 4631 1108 4699 jam
1145 4633 1316 4702 pergit
1349 4633 1399 4686 1.

2141 4566 2211 4597 ⁸⁷⁹
2232 4567 2310 4620 ita
2339 4567 2388 4622 'l.

2469 4549 2552 4600 "3°
2582 4584 2627 4623 s.
2659 4567 2697 4621 ι.
2729 4570 2915 4622 desunt
2945 4567 2995 4620 '5.
3101 4566 3170 4598 ⁸⁸¹
3195 4565 3403 4620 dientia
3432 4565 3514 4618 ita
3539 4561 3765 4634 pergit!-

1920 4713 1924 4716 ’
2002 4725 2236 4782 NOTAE.

567 4806 750 4888 (1598)
778 4807 875 4863 Est
904 4809 1140 4888 hic-ipse
1157 4810 1486 4888 Fridericus,
1518 4813 1595 4888 de
1613 4830 1725 4888 quo
1749 4831 1878 4888 mox
1913 4833 2076 4888 supra

497 4885 699 4959 actum,
720 4895 928 4959 .conies
969 4879 1267 4937 Muncionis
1284 4893 1347 4959 et
1379 4879 1808 4959 Montisbéliardi
1839 4888 1911 4943 ob
1941 4879 2078 4959 pra:-

496 4947 694 5020 dictam
720 4948 1087 5020 luereditatem
1131 4953 1376 5007 marchio
1415 4955 1613 5020 dictus,
1660 4955 1818 5020 cujus
1839 4967 1893 5012 ct
1918 4947 2076 5014 s'oro-

2185 4820 2524 4884 Commc'r.)
2546 4828 2601 4874 et
2621 4817 2828 4874 Chron.
2855 4818 2892 4872 1.
2921 4832 3002 4880 ιιι,
3036 4831 3093 4869 ιι.
3129 4814 3214 4867 10.
3245 4813 3370 4869 Uss.

2259 4895 2446 4964 (1405)
2475 4882 2747 4964 Urstisius
2767 4890 2820 4964 iu
2849 4886 3192 4964 n_ota_ce|lam
3212 4883 3532 4964 hancillam
3548 4882 3604 4964 S_.
3629 4882 3762 4962 Figiis

2187 4952 2727 5018 in‘Graf'enhausem
2783 4959 2926 5020 juris
2990 4955 3151 5010 hodie
3212 4952 3600 5009 San-Blasiani
3652 4953 3762 5004 vim

3947 60 3949 106 ἲ
