3996 5474
282 255 415 310 1415

1163 249 1448 306 APPEND.
1485 248 1573 302 111.
1613 237 1682 290 ί-
1721 245 2152 337 MONUMENTA
2186 244 2645 303 GREGORIANA.

3406 249 3543 304 NH

282 369 395 423 Kal.
420 365 643 438 Aprilis,
688 366 744 420 in
781 363 960 419 medio
1004 363 1433 435 quadragesimae
1480 362 1569 415 ⁸⁸⁵.
1614 353 1858 415 Domnus
1886 363 1931 417 Α
1957 359 2301 430 disciplinam
2329 360 2527 414 ibidem
2558 359 2811 414 instituit.
2857 359 3059 415 Eodem
3098 355 3261 414 etiam
3299 368 3545 433 tempore

280 475 416 532 papa
458 457 714 512 Urbanus
766 455 1072 527 generalem
1119 454 1374 509 sinodum
1423 451 1607 524 (1409)
1638 459 1857 506 centum

279 565 415 621 pene
435 550 814 619 episcoporum
841 547 897 600 in
931 546 1343 617 quadragesima
1385 560 1450 600 ex
1473 544 1701 599 diversis
1731 559 1858 615 pro-

279 641 471 696 vinciis
495 641 550 695 in
574 638 768 709 Apulia
798 639 1166 709 congregavit,
1192 646 1246 692 et
1269 637 1498 691 diversis
1517 637 1857 691 teclesiarum

280 729 692 785 necessitatibus
726 728 957 783 sinodali
976 727 1287 798 provisione
1329 734 1698 796 competenter
1734 741 1859 782 suc-

279 834 500 875 currere
516 819 729 874 curavit
747 818 838 872 5”.
855 817 913 872 In
929 817 1307 888 Longobardia
1328 816 1692 872 Chuonradus
1714 816 1858 870 ﬁlius

282 909 516 964 Heinriei
544 909 687 979 regis
709 926 739 964 a
761 916 915 979 patre
936 910 1061 964 dolo
1088 908 1513 963 circumvenitur
1533 916 1587 961 et
1615 907 1863 977 captiva-

283 1009 408 1067 tur;
445 1008 528 1055 set
554 999 649 1055 Dei
690 1001 1062 1056 misericordia
1106 1001 1231 1056 inde
1260 1008 1498 1070 ereptus,
1541 1015 1571 1053 a
1598 998 1856 1053 Mediola-

280 1092 436 1146 nensi
458 1092 869 1163 archiepiscopo
911 1091 1093 1163 (1410)
1135 1101 1190 1147 et
1221 1092 1447 1163 reliquis
1496 1091 1670 1146 sancti
1714 1090 1857 1145 Petri

276 1182 526 1237 ﬁdelibus
574 1183 629 1237 in
670 1199 849 1253 regem
906 1192 1221 1249 coronatur,
1277 1184 1553 1239 annitente
1608 1182 1859 1240 Welfone

275 1274 413 1329 duce
436 1273 621 1340 Italiae,
644 1282 699 1329 et
724 1273 983 1329 Mathilda
1025 1275 1145 1344 ejus
1183 1275 1474 1331 karissima
1502 1275 1573 1310 ⁸⁸⁸
1602 1275 1852 1346 conjuge.

276 1368 371 1423 Set
409 1376 464 1423 et
504 1378 657 1439 pater
707 1370 949 1440 ejusdem
990 1371 1166 1437 ducis,
1203 1370 1384 1427 Welfo
1424 1372 1531 1428 dux
1569 1372 1853 1443 Bajoarize,

275 1474 384 1513 non
415 1460 590 1514 multo
610 1467 735 1530 post
781 1461 849 1515 ad
892 1462 1123 1516 eundem
1155 1463 1367 1517 noviter
1401 1473 1724 1519 coronatum
1770 1479 1855 1519 re-

274 1563 392 1619 gem
436 1548 494 1602 in
541 1547 976 1620 Longobardiam
1014 1551 1180 1617 venit,
1223 1552 1381 1622 eique
1430 1568 1555 1608 cum
1604 1553 1717 1608 tilio
1753 1569 1856 1609 suo

272 1640 501 1695 ﬁdeliter
525 1642 784 1697 adherere
814 1644 1027 1714 sategit.
1065 1642 1352 1700 Hcinrieus
1381 1661 1511 1699 vero
1540 1653 1692 1715 pater
1712 1646 1854 1717 regis

272 1731 325 1785 in
351 1732 630 1800 quandam
668 1708 1030 1788 munitionem
1054 1734 1122 1766 ⁸⁸⁷
1144 1751 1203 1789 se
1245 1736 1496 1803 contulit,
1540 1708 1726 1808 ibique
1757 1708 1853 1793 diu
1887 1708 1930 1764 Β

271 1822 477 1891 absque
522 1822 666 1893 regia
729 1823 993 1894 dignitate
1043 1833 1291 1880 moratus
1347 1826 1628 1896 nimioque
1666 1827 1855 1882 dolore

272 1915 498 1971 affectus
527 1932 585 1971 se
618 1917 817 1986 ipsum,
848 1926 905 1972 ut
936 1917 1111 1985 aiunt,
1134 1919 1296 1974 morti
1320 1920 1531 1974 tradere
1554 1921 1744 1986 voluit,
1772 1929 1855 1975 set

270 2021 301 2060 a
327 2006 442 2061 suis
468 2016 774 2075 praeventus
808 2008 876 2062 ad
921 2008 1173 2064 effectum
1198 2011 1479 2080 pervenire
1518 2027 1629 2067 non
1653 2014 1849 2083 potuit.

268 2095 327 2149 ln
353 2096 677 2152 Alemannia
701 2099 812 2153 dux
846 2098 1169 2156 Berthaldus
1212 2102 1606 2157 monasterium
1650 2119 1852 2158 novum

270 2184 323 2238 in
365 2185 633 2240 honorem
677 2187 851 2241 sancti
896 2186 1043 2242 Petri
1088 2189 1144 2243 in
1186 2191 1388 2259 praedio
1435 2206 1536 2246 suo
1582 2192 1638 2246 in
1687 2191 1851 2264 Nigra

270 2276 412 2331 Silva
436 2293 475 2332 a
504 2277 877 2335 fundamentis
918 2281 1181 2346 extruxit,
1205 2283 1504 2352 multisque
1531 2284 1692 2341 bonis
1716 2285 1853 2339 dita-

266 2369 357 2424 vit.
406 2370 507 2424 Set
544 2379 600 2425 et
649 2371 834 2426 omnia
868 2372 1012 2427 bona
1062 2374 1283 2429 alterius
1320 2377 1660 2442 monasterii,
1705 2378 1852 2448 quod

266 2458 514 2528 ejusdem
542 2460 698 2517 ducis
723 2471 877 2531 pater
918 2462 971 2516 in
1015 2463 1124 2517 alio
1159 2464 1280 2518 loco
1324 2463 1506 2537 (1411)
1544 2466 1850 2534 aediﬁcavit,

265 2550 450 2605 iste'ad
496 2551 642 2607 istud
668 2554 964 2609 transtulit.
1009 2553 1122 2609 Hoc
1163 2571 1293 2626 ergo
1326 2559 1720 2614 monasterium
1740 2558 1852 2613 fra-

264 2651 344 2697 ter
364 2643 546 2714 ipsius
567 2644 723 2701 ducis
750 2644 1124 2712 Gebehardus,
1167 2647 1601 2704 Constantiensis
1640 2651 1852 2718 episco-

262 2753 361 2807 pus
384 2746 438 2793 et
491 2739 803 2808 apostolicae
844 2740 988 2795 sedis
1029 2740 1260 2810 legatus,
1298 2754 1395 2794 sua
1442 2742 1852 2796 consecratione

260 2827 521 2893 initiavit,
562 2829 807 2899 alterque
864 2827 1214 2884 Gebehardus
1258 2828 1638 2901 Yrsaugiensis
1684 2832 1853 2887 abbas

260 2923 577 2993 regularem
618 2921 960 2991 disciplinam
1008 2923 1404 2977 monachorum
1454 2923 1652 2977 ibidem
1696 2924 1853 2978 insti-

266 3014 385 3069 tuit.
415 3013 547 3069 Haec
588 3023 771 3069 autem
812 3015 1154 3071 consecratio
1194 3014 1337 3070 facta
1380 3025 1465 3071 est
1506 3017 1561 3070 in
1599 3016 1853 3072 Kalendis

265 3106 520 3178 Augusti,
554 3122 679 3160 eum
705 3114 788 3161 est
812 3106 974 3161 statio
989 3107 1059 3161 ad
1083 3106 1299 3162 vincula
1319 3107 1493 3161 sancti
1520 3106 1686 3174 Petri,
1716 3124 1854 3179 quo—

262 3216 384 3254 ium
416 3200 488 3232 ⁸⁸⁸
531 3199 695 3254 etiam
741 3214 994 3269 magnam
1051 3207 1262 3268 partem
1298 3201 1642 3254 venerandus
1683 3202 1853 3258 abbas

265 3290 585 3363 Sigefredus
632 3291 699 3345 de
727 3291 862 3346 cella
906 3289 1205 3346 Salvatoris
1248 3291 1422 3346 eidem
1451 3292 1573 3347 loco
1598 3294 1847 3360 contulit,

260 3393 314 3438 et
350 3383 558 3438 multas
599 3384 831 3438 aliorum
877 3392 1191 3439 sanctorum
1236 3383 1515 3453 reliquias.
1561 3383 1618 3438 In
1663 3386 1852 3439 eadem

260 3476 424 3530 etiam
458 3476 874 3532 consecratione
908 3476 1079 3531 abbas
1116 3475 1193 3529 illi
1214 3476 1337 3530 loco
1357 3476 1593 3546 eligitur,
1626 3477 1855 3547 ejusque

259 3567 614 3637 dispositioni
651 3574 706 3620 et
734 3566 989 3621 monachi
1013 3573 1068 3621 et
1107 3566 1376 3621 extructio
1398 3558 1503 3621 loci
1527 3583 1651 3622 cum
1673 3567 1852 3622 omni-

257 3657 361 3714 bus
383 3659 453 3713 ad
480 3658 638 3712 illum
659 3656 1060 3726 pertinentibus
1095 3657 1264 3712 libere
1304 3656 1685 3722 committitur,
1711 3656 1853 3728 ipse-

257 3764 364 3819 que
391 3749 556 3804 locus
578 3747 895 3818 apostolicae
919 3748 1035 3803 sedi
1051 3747 1360 3817 specialiter
1378 3748 1660 3817 subjacere
1685 3746 1851 3802 desti-

258 3850 425 3896 natur
451 3842 548 3896 ‘3’.
582 3839 714 3895 Item
742 3841 797 3895 in
819 3839 1139 3895 Alemannia
1184 3839 1556 3895 Hartmannus
1584 3855 1768 3895 comes
1798 3849 1853 3894 et

259 3931 431 3986 frater
480 3932 604 4001 ejus
645 3928 770 3985 Otto
819 3946 1020 3985 novum
1073 3930 1467 3985 monasterium
1522 3929 1576 3984 in
1630 3930 1852 4000 proprio

258 4023 484 4089 allodio,
510 4023 565 4077 in
596 4023 718 4077 loco
741 4022 831 4077 ubi
863 4020 1144 4076 Danubius
1175 4028 1230 4075 et
1251 4018 1406 4075 Ilaris
1432 4018 1628 4074 ﬂuvius
1655 4033 1851 4075 conve-

259 4115 423 4168 niunt
450 4113 658 4184 (1412),
686 4113 743 4167 in
768 4113 1032 4168 honorem
1067 4111 1242 4167 sancti
1279 4110 1496 4165 Martini
1525 4118 1849 4165 construxe-

260 4214 431 4273 runt;
458 4205 607 4275 quod
629 4205 756 4259 item
786 4203 1075 4274 praedictus
1105 4201 1542 4258 Constantiensis
1564 4200 1853 4270 episcopus

262 4299 317 4352 in
346 4313 543 4352 mense
575 4296 876 4366 Septembri
906 4312 1003 4350 sua
1027 4294 1442 4350 consecratione
1468 4292 1742 4359 iniciavit;
1772 4303 1854 4347 set

1960 450 2104 504 idem
2161 450 2451 520 episcopus
2516 452 2774 521 praedicto
2828 451 3010 506 abbati
3066 452 3212 507 aliud
3264 461 3545 509 monaste-

1958 541 2101 596 rium
2147 541 2331 613 (1415)
2398 557 2508 596 non
2563 544 2722 614 longe
2781 544 3012 599 multum
3064 544 3191 601 inde
3243 545 3426 617 (1414)
3486 547 3542 601 in

1957 631 2221 687 honorem
2282 635 2457 689 sancti
2520 634 2737 705 Georgii
2795 638 3173 703 consecravit;
3241 654 3404 708 quem
3461 639 3545 694 lo-

1958 736 2083 777 cum
2140 731 2195 777 et
2263 738 2493 793 qumque
2567 725 2633 778 ad
2686 724 2839 779 illum
2896 727 3255 796 pertinentia,
3319 727 3540 796 quidam

1958 813 2156 867 nobilis
2191 813 2356 867 homo
2381 814 2705 871 Chenradus
2729 817 2797 848 ⁵⁹⁰
2818 824 2871 871 et
2899 816 3095 872 fratres
3131 818 3251 887 ejus
3299 818 3367 872 ad
3401 817 3542 873 San—

1958 910 2105 958 ctum
2137 903 2375 959 Blasium
2398 908 2604 977 absque
2643 909 2793 962 omni
2816 909 3125 964 conditione
3173 910 3542 979 tradiderunt,

1956 1005 2011 1053 et
2030 999 2348 1068 praedictum
2398 1000 2670 1066 abbatem,
2698 1011 2758 1056 ut
2780 1002 2875 1057 Dei
2930 1003 3219 1059 servicium
3266 1004 3319 1059 in
3349 1005 3541 1061 eodem

1956 1088 2079 1143 loco
2113 1088 2438 1155 institueret,
2466 1101 2820 1161 rogaverunt;
2846 1108 3081 1161 quorum
3112 1095 3254 1147 votis
3274 1092 3417 1149 idem
3440 1096 3510 1151 ab
3530 1123 3542 1137 ε

1955 1180 2054 1237 bas
2078 1197 2320 1236 annuere
2356 1198 2464 1236 non
2488 1184 2739 1237 cessavit.
2773 1182 2888 1238 Hoc
2915 1192 3160 1254 tempore
3210 1199 3350 1239 uxor
3380 1200 3524 1255 egre:

1956 1276 2027 1346 gii
2040 1276 2255 1332 comitis
2266 1276 2537 1332 Adelbcrti
2553 1278 2758 1349 (1415),
2775 1278 2994 1333 nomine
3008 1278 3217 1350 Weliga
3232 1279 3301 1310 ⁵⁹¹
3330 1278 3541 1351 (1416),

1955 1370 2137 1441 magni
2175 1369 2330 1426 ducis
2359 1369 2622 1426 Gotifredi
2657 1370 2839 1440 (1417)
2865 1370 2995 1436 ﬁlia,
3047 1371 3181 1426 satis
3202 1370 3546 1426 laudabiliter

1954 1476 2081 1516 cum
2111 1461 2229 1516 viro
2272 1477 2374 1517 suo
2412 1462 2466 1516 in
2506 1463 2691 1518 seculo
2746 1470 3092 1527 conversata,
3146 1462 3292 1518 diem
3345 1463 3546 1519 clausit

1953 1562 2279 1621 extremum,
2337 1562 2391 1608 et
2442 1554 2587 1624 apud
2649 1552 3050 1624 Hyrsaugiense
3104 1554 3540 1622 monasterium,

1955 1645 2101 1715 quod
2135 1646 2252 1714 ipsa
2286 1646 2633 1716 potissimum
2658 1645 2893 1699 instituit
2938 1652 2991 1699 et
3032 1644 3253 1710 amavit,
3287 1646 3420 1700 satis
3443 1646 3545 1699 ho-

1957 1736 2180 1791 norifice
2206 1737 2465 1807 sepelitur
2494 1737 2583 1791 δ”.
2625 1735 2853 1807 Signum
2907 1735 2962 1790 in
3000 1737 3115 1792 sole
3151 1735 3353 1791 factum
3377 1720 3461 1792 est
3486 1736 3539 1792 9.

1955 1826 2076 1881 Kal.
2114 1824 2367 1882 Octobris
2388 1836 2514 1883 ante
2539 1828 2609 1861 '”
2642 1827 2945 1894 meridiem,
2969 1836 3031 1881 ut
3052 1826 3292 1884 circulus
3321 1828 3543 1897 quidam

1956 1918 2011 1972 in
2040 1919 2133 1973 illo
2166 1928 2472 1989 appareret,
2506 1929 2559 1973 et
2592 1919 2709 1990 ipse
2744 1919 2801 1973 in
2822 1934 3015 1974 sereno
3044 1919 3161 1973 celo
3204 1919 3539 1974 obscurissi-

1954 2026 2043 2065 me
2064 2010 2134 2042 ⁸⁸⁸
2163 2011 2369 2066 luceret
2399 2011 2490 2065 ⁸⁸⁸.
2540 2009 2647 2065 Sed
2692 2012 2796 2066 hoc
2825 2010 3000 2080 magis
3040 2010 3264 2079 quidam
3314 2010 3540 2080 eclipsin

1954 2117 2120 2171 quam
2156 2103 2374 2173 signum
2403 2102 2570 2157 fuisse
2590 2111 2939 2172 putaverunt,
2971 2102 3242 2172 praecipue
3263 2116 3389 2155 cum
3412 2101 3541 2155 luna

1953 2202 2098 2248 esset
2116 2194 2375 2249 vicesima
2396 2204 2588 2249 octava
2610 2210 2674 2248 ea
2697 2193 2804 2248 die.
2829 2191 2965 2247 Nam
2989 2194 3056 2224 ⁵⁹³
3087 2193 3338 2264 egregius
3359 2193 3544 2247 calcu-

1952 2284 2095 2341 lator
2114 2287 2352 2341 domnus
2375 2285 2752 2341 Heremannus
2775 2287 2846 2318 ⁸³⁸
2866 2286 3032 2341 etiam
3062 2287 3118 2340 in
3152 2286 3415 2356 vigesima
3451 2299 3541 2343 se-

1952 2378 2121 2447 ptima
2143 2378 2273 2431 luna
2306 2378 2534 2446 eclipsin
2556 2377 2823 2432 accidisse
2848 2378 3038 2433 scribit
3057 2391 3202 2431 anno
3231 2377 3297 2408 ⁸⁸⁷
3324 2375 3544 2432 Domini

1953 2469 2094 2523 1055
2143 2470 2234 2523 m.
2287 2469 2640 2526 Gebebardus
2674 2469 3117 2525 Constantiensis
3147 2471 3436 2538 episcopus
3490 2476 3546 2522 et

1952 2558 2266 2627 apostolicae
2301 2558 2445 2613 sedis
2465 2558 2695 2628 legatus,
2724 2558 3029 2612 Welfonem
3056 2559 3251 2613 ducem
3276 2558 3542 2626 Bajoariae

1952 2663 2050 2716 per
2086 2663 2283 2701 manus
2334 2648 2387 2701 in
2429 2648 2656 2702 militem
2714 2649 2945 2718 accepit,
3002 2649 3144 2704 sicut
3172 2656 3226 2703 et
3260 2647 3542 2718 proprium

1953 2736 2175 2796 fratrem
2198 2737 2509 2792 Bertaldum
2565 2738 2759 2793 ducem
2789 2739 3127 2793 Alemannire
3160 2738 3274 2808 jam
3335 2739 3541 2794 dudum

1954 2827 2113 2895 fecit;
2143 2845 2267 2884 cum
2291 2830 2491 2899 quibus
2519 2838 2571 2884 ct
2596 2830 2825 2900 reliquis
2846 2830 3181 2885 Alemannize
3203 2814 3542 2901 principibus

1952 2933 2212 2989 magnum
2261 2926 2591 2974 conventum
2632 2921 2776 2989 apud
2814 2918 3028 2975 Ulmam
3079 2920 3287 2974 habuit.
3339 2918 3397 2972 1n
3430 2935 3541 2991 quo

1955 3021 2225 3068 conventu
2249 3011 2564 3067 firmissime
2593 3013 2875 3067 laudatum
2918 3021 3024 3074 est.
3052 3021 3114 3067 ut
3136 3012 3540 3068 Constantiensi

1957 3104 2214 3173 episcopo
2276 3103 2608 3158 omnimodis
2663 3106 2967 3159 secundum
3024 3111 3228 3159 statuta
3267 3118 3540 3157 canonum

1957 3194 2291 3260 obediretur,
2315 3203 2370 3249 et
2390 3204 2450 3249 ut
2478 3195 2604 3250 duci
2626 3194 2919 3250 Berthaldo
2937 3204 2991 3249 et
3017 3195 3309 3250 comitibus
3344 3209 3540 3250 secun-

1954 3286 2085 3340 dum
2123 3287 2295 3358 legem
2333 3287 2760 3341 Alemannorum
2817 3289 3301 3345 obsecundaretur.
3336 3286 3539 3342 Deinde

1953 3377 2326 3434 firmissimam
2361 3395 2547 3449 pacem
2573 3388 2683 3434 tam
2730 3380 2897 3434 duces
2937 3395 3102 3449 quam
3131 3378 3379 3444 comites,
3425 3386 3539 3432 tam

1955 3470 2192 3540 majores
2218 3487 2384 3540 quam
2438 3471 2703 3539 minores,
2728 3487 2786 3527 se
2807 3472 3195 3526 observaturos
3240 3485 3272 3525 a
3320 3468 3370 3524 7.
3412 3468 3532 3524 Kal.

1953 3558 2270 3627 Decembris
2298 3578 2472 3633 usque
2496 3562 2551 3616 in
2580 3564 2802 3633 pascha,
2833 3572 2885 3618 et
2906 3579 2939 3618 a
2972 3564 3176 3634 pascha
3202 3563 3256 3617 in
3280 3562 3421 3617 duos
3439 3578 3539 3618 an-

1953 3670 2056 3709 nos
2081 3656 2409 3727 juraverunt
2448 3675 2460 3709 :
2508 3656 2758 3711 videlicet
2788 3655 3048 3712 omnibus
3093 3654 3381 3711 monachis
3425 3653 3539 3709 sive

1951 3747 2232 3802 conversis
2284 3757 2338 3801 et
2386 3748 2600 3802 clericis
2647 3748 2917 3803 catholico
2968 3747 3224 3817 episcopo
3257 3744 3534 3815 subjectis,

1951 3838 2182 3893 ecclesiis
2217 3846 2272 3893 et
2294 3854 2482 3894 earum
2518 3840 2673 3894 atriis
2708 3847 2762 3893 et
2794 3840 2908 3894 doti
2955 3851 3169 3906 earum,
3216 3838 3537 3909 mercatori-

1951 3928 2075 3995 bus,
2110 3936 2164 3983 et
2187 3930 2443 3986 omnibus
2473 3931 2661 3985 eodem
2701 3930 3019 3999 juramento
3071 3929 3346 4000 obligatis,
3376 3945 3536 3985 exce-

1950 4028 2044 4090 pto
2065 4020 2305 4076 Arnoldo
2333 4022 2588 4076 invasere
2620 4021 3065 4076 Constantiensis
3084 4020 3311 4075 aeelesize
3333 4028 3387 4075 et
3412 4035 3533 4081 om-

1952 4112 2115 4168 nibus
2139 4112 2260 4181 ejus
2301 4111 2632 4168 fautoribus.
2677 4110 2829 4168 Hanc
2871 4128 3061 4183 pacem
3105 4112 3304 4183 singuli
3330 4112 3537 4182 princi-

1952 4218 2048 4272 pes
2092 4204 2186 4274 qui
2240 4212 2632 4269 convenerunt,
2670 4204 3081 4274 usqueqaisque
3121 4204 3189 4237 ‘9’
3217 4219 3313 4273 per
3348 4210 3535 4272 potes-

1951 4302 2118 4349 tatem
2143 4311 2322 4362 suam,
2351 4311 2745 4366 usquequaque
2778 4296 2982 4350 viritim
3022 4295 3210 4365 jurare
3268 4292 3531 4349 fecerunt.

261 4389 599 4445 venerabilis
646 4389 815 4443 abbas
852 4385 956 4442 Uto
997 4387 1065 4443 de
1110 4385 1310 4441 Sancto
1341 4384 1523 4440 Blasio
1544 4385 1850 4454 regularem
1884 4402 1928 4456 ι)
1954 4384 2050 4441 His
2076 4387 2415 4458 temporibus
2442 4403 2535 4442 rex
2555 4386 2830 4458 Hispaniae
2859 4385 3190 4453 Adefonsus,
3238 4385 3296 4440 in
3315 4382 3418 4441 ﬁde
3443 4400 3536 4441 ca-

1572 4535 1803 4593 VARUE
1843 4536 2246 4594 LECTIONES.

333 4682 633 4733 miterum
666 4679 888 4750 pergit!
984 4677 1053 4750 “3
1087 4676 1340 4750 ρενρέῌ·
1419 4675 1488 4750 ⁵1⁸
1532 4676 1777 4750 emt}.-

259 4782 333 4793 ——
365 4746 736 4807 committitur
760 4746 982 4802 'desunt
1022 4747 1077 4800 2.
1214 4746 1284 4777 m
1318 4747 1488 4816 pergit
1524 4746 1574 4799 1.

264 4823 333 4857 m
369 4822 546 4892 ρετ-θέε
576 4821 626 4874 ί,
704 4820 775 4852 ⁸³³
810 4827 937 4892 apte
962 4847 1041 4892 -_-_-_
1056 4818 1264 4892 luceret
1294 4816 1489 4892 in‘loco
1510 4832 1633 4892 raso
1657 4818 1708 4870 1.

1724 4676 1777 4729 2.
1891 4676 1961 4709 ⁸⁸⁷
2010 4678 2368 4732 monitionem
2422 4696 2560 4734 corr.
2600 4680 2960 4734 munitionem
3022 4681 3071 4733 1.

1702 4747 1772 4780 ⁸⁸⁸
1810 4747 1888 4801 ita
1931 4748 1983 4800 1.
2094 4748 2165 4779 ⁸η
2219 4747 2399 4801 Wilsza
2459 4750 2578 4801 Uss.
2623 4760 2806 4801 contra
2854 4751 3071 4801 codicum

1821 4817 1894 4850 m
1934 4817 2074 4871 deest
2105 4817 2159 4871 2.

3178 4678 3247 4711 ⁸⁸⁸
3303 4694 3543 4748 quorum

2094 4748 2165 4819 Ψ
2219 4747 2578 4819 κνίιεαρυεε.
2623 4760 2806 4803 contra
2854 4751 3095 4804 codicum
3144 4747 3541 4819 auctoritatem.

2273 4818 2353 4850 ‘9‘
2405 4818 2545 4876 Nam
2605 4835 2655 4874 e.
2702 4836 2751 4875 c.
2805 4820 2859 4873 d.
2920 4819 2987 4876 Η.
3036 4821 3094 4873 in
3149 4818 3263 4871 loco
3310 4836 3434 4875 raso
3492 4820 3545 4872 1.

261 4893 335 4925 ⁸⁹⁶
362 4886 437 4955 Ii.
466 4886 822 4947 'Contractus
841 4889 896 4943 5.
971 4887 1041 4920 ⁸’⁷
1077 4904 1147 4943 an
1177 4886 1298 4939 hinc
1351 4886 1540 4955 folium
1585 4889 1694 4958 fere
1727 4895 1896 4942 totum
1932 4889 2169 4942 excisum
2187 4898 2265 4942 est
2286 4887 2340 4942 2.
2422 4890 2497 4926 ⁸³⁸
2532 4892 2700 4962 pergit
2738 4891 2788 4944 1.
2865 4891 2934 4926 ⁸³⁸
2991 4891 3123 4958 qu;
3158 4889 3301 4959 qfq;

1786 4998 2017 5058 ΝΟΤᾹΞ.

330 5095 518 5168 (1409)
548 5092 730 5168 Trojze
753 5093 958 5168 scilicet
976 5091 1035 5168 in
1062 5089 1259 5162 Apulia
1424 5089 1583 5168 Mart.
1612 5093 1850 5168 synodus

257 5160 526 5224 celebrata
562 5160 747 5222 est'75
791 5162 1064 5233 episcopis
1110 5160 1491 5233 praesentibus.
1529 5160 1705 5220 Μειήεί
1730 5160 1854 5232 XX,

255 5239 503 5384 78%???)
529 5303 818 5384 ipsem-
861 5371 872 5383 .
922 5368 943 5384 .

2033 5090 2214 5163 (1415)
2239 5088 2666 5152 OSChsenhusen
2693 5093 2824 5149 cella
2840 5101 2976 5155 tunc
3009 5094 3070 5152 S.
3102 5090 3304 5159 Blasii;
3332 5110 3391 5150 v.
3422 5096 3565 5152 Ger-

1959 5163 2096 5218 bert.
2128 5163 2163 5216 l.
2193 5162 2266 5227 c.,
2295 5177 2347 5229 p.
2372 5162 2509 5223 294.
2541 5166 2664 5222 Uss.
3224 5186 3227 5191 ί

2056 5234 2213 5306 1414)
2364 5245 2400 5286 a
2428 5233 2788 5306 Wiblingensi
2810 5238 3088 5296 eoenobio.

1957 5298 2214 5384 mlum)
2257 5301 2370 5356 Ῑὶοο
2430 5298 2666 5363 nomine“
2689 5304 2760 5384 _ll.
2823 5310 3051 5365 comitis
3095 5300 3435 5384 Calvvens‘ist
3471 5298 3572 5372 qui
