3996 5474
476 203 618 261 “1‘5

1468 201 1557 256 AD
1592 201 1820 258 ΟΡΕΒΛ
1862 199 1919 256 S.
1961 198 2294 257 GREGOHH
2328 199 2772 256 APPENCICES.

3619 210 3758 264 HM

473 317 716 374 thoiicus
759 323 817 372 et
855 285 934 372 in
967 315 1382 374 eonveisatione
1416 315 1796 372 Cluniaeensis
1844 315 2059 370 abbatis
2087 317 2134 376 Α
2160 313 2372 374 nitioae
2391 313 2742 380 morabatur;
2783 313 2878 370 sed
2905 313 3196 372 Wibertini
3219 317 3417 372 turrim
3437 316 3757 376 crescenti;

473 407 924 476 obedientiarius,
959 406 1244 478 sepissime
1280 415 1475 461 contra
1489 421 1736 476 paganos
1779 419 1884 476 pro
1913 405 2061 462 ebria

476 499 671 558 stianis
719 500 948 554 viriliter
961 499 1260 565 dimicavit,
1309 499 1623 568 multasque
1675 496 1918 552 melesias
1945 496 2061 566 jam

476 595 683 650 dudum
709 591 926 663 penitus
954 592 1268 648 devastatus
1295 591 1352 644 in
1377 589 1672 660 pristinum
1704 596 1907 644 statum
1943 602 2062 642 res-

480 683 732 738 tauravit.
755 679 878 752 Ipse
909 683 1074 738 etiam
1097 680 1350 736 Cluniaei
1403 679 1668 749 majorem
1719 678 1988 734 mclesiam
2029 693 2063 734 a

481 773 853 829 fundamentis
877 772 1184 837 mdiﬁcavit,
1216 771 1284 826 ad
1313 770 1472 841 cujus
1494 769 1725 826 melesite
1754 769 2064 824 aediﬁcatio-

479 877 604 920 nem
657 861 926 916 inﬁnitam
970 861 1260 932 pecuniam
1301 858 1626 915 Cluniacum
1675 858 1902 924 direxit;
1967 857 2062 929 qui

479 952 645 1007 etiam
677 951 792 1021 jam
814 952 1020 1006 dudum
1047 967 1107 1008 se
1133 951 1334 1007 ibidem
1369 950 1704 1006 monachum
1740 947 1982 1014 fecisset,
2015 947 2062 1004 si

479 1043 716 1098 domnus
735 1043 905 1100 abbas
930 1043 1113 1114 (1418)
1160 1043 1229 1098 ad
1273 1051 1489 1112 tempus
1531 1057 1658 1096 eum
1687 1041 1791 1096 sub
1831 1039 2065 1096 seculari

481 1134 671 1190 habitu
695 1134 931 1190 retinere
958 1151 1068 1190 non
1089 1136 1265 1191 satius
1283 1135 1574 1205 judicaret.
1603 1131 1662 1188 In
1684 1131 2064 1203 Longobardia

481 1225 812 1281 venerabilis
854 1226 1188 1281 Ansbelmus
1224 1223 1649 1281 Mediolanensis
1692 1223 2062 1294 archiepisco-

484 1331 610 1386 pus,
642 1317 698 1373 in
719 1333 885 1376 causa
912 1319 1088 1374 sancti
1107 1317 1255 1372 Petri
1277 1315 1746 1381 studiosissimus,
1773 1315 1867 1384 qui
1892 1328 2066 1383 nuper

481 1407 840 1465 Chonradum
889 1425 1071 1482 regem
1119 1409 1463 1465 incoronavit
1483 1449 1500 1475 ,
1546 1408 1684 1464 satis
1736 1406 2066 1462 laudabilem

483 1497 617 1566 fecit
643 1500 828 1567 ﬁnem,
857 1516 1228 1572 magnumque
1280 1515 1552 1557 meror-em
1597 1497 1852 1553 ﬁdelibus
1888 1495 2065 1552 sancti

481 1587 630 1646 Petri
670 1592 986 1664 dereliquit;
1017 1593 1106 1648 cui
1147 1592 1475 1648 venerabilis
1501 1587 1768 1646 Arnolqu
1807 1588 1877 1644 de
1903 1585 2066 1644 Porta

483 1691 739 1754 argentea
762 1685 819 1741 in
853 1685 1173 1756 episcopatu
1201 1683 1488 1740 successit.

1158 1774 1395 1832 MXCIV.

555 1871 803 1926 Domnus
847 1883 987 1940 papa
1039 1865 1297 1924 Urbanus
1349 1865 1586 1923 natalem
1618 1860 1838 1920 Domini
1880 1858 2070 1916 Romae

485 1963 801 2021 solemniter
823 1961 1136 2027 celebravit,
1162 1959 1414 2031 quamvis
1445 1959 1630 2030 plures
1680 1953 1968 2011 Wibertiui
2011 1952 2070 2030 in

486 2057 626 2112 urbe
650 2055 829 2110 adhuc
872 2052 1153 2118 latuerint,
1207 2066 1349 2122 quos
1405 2050 1644 2105 domnus
1679 2061 1819 2118 papa
1862 2044 2070 2116 absque

486 2146 709 2202 mil'tari
737 2161 902 2200 manu
948 2159 1057 2200 non
1125 2144 1281 2200 facile
1333 2141 1512 2214 potuit
1541 2139 1828 2210 expellere.
1881 2135 2074 2192 Maluit

487 2251 620 2308 ergo
675 2252 866 2292 eorum
911 2237 1167 2307 injuriam
1220 2235 1287 2291 ad
1327 2243 1540 2304 tempus
1581 2233 1852 2296 tolerare,
1903 2241 2070 2300 quam

490 2327 769 2386 Romanos
799 2329 948 2386 cives
976 2338 1184 2384 armata
1226 2343 1392 2382 manu
1428 2325 1751 2395 inquietare.
1779 2321 2072 2376 Guibertus

489 2428 674 2475 autem
701 2419 1049 2474 beresiarcha
1073 2435 1198 2473 cum
1234 2418 1565 2489 imperatore
1589 2429 1693 2470 suo
1727 2412 1867 2484 apud
1898 2409 2071 2466 Vero-

489 2526 618 2566 nam
635 2525 702 2566 eo
737 2519 978 2580 tempore
1007 2509 1132 2576 fuit,
1157 2525 1322 2580 seque
1376 2509 1608 2563 libenter
1625 2513 1885 2576 papatum
1916 2501 2076 2555 dese-

489 2616 612 2658 rere
635 2601 933 2667 simulavit,
957 2601 1004 2658 si
1039 2601 1150 2655 alio
1178 2600 1342 2656 modo
1369 2614 1473 2670 pax
1507 2598 1566 2654 in
1597 2595 1810 2652 :eclesia
1845 2604 2072 2661 recupe-

2166 403 2498 469 obtincntes,
2548 403 2727 459 adhuc
2755 403 2988 461 liberum
3021 404 3325 462 viatoribus
3362 408 3658 464 transitum
3689 410 3760 465 ad

2167 508 2362 564 papam
2383 509 2483 564 per.
2498 501 2720 566 pontem
2751 494 2966 552 Tiberis
2999 497 3244 551 nondum
3267 499 3643 567 permiserunt
3663 501 3755 553 “I.

2165 580 2301 638 Nam
2337 583 2586 638 abbatem
2617 583 2891 655 quendam
2911 584 2978 640 de
3007 585 3141 641 cella
3167 586 3343 642 sancti
3367 586 3520 643 Petri
3548 589 3605 642 in
3631 588 3758 642 Ale-

2165 671 2386 736 mannia
2415 671 2621 743 (1421),
2639 689 2672 728 a
2700 671 3022 730 Gebebardo
3063 675 3478 734 Constantiensi
3498 679 3758 749 episcOpo

2163 771 2219 818 et
2241 779 2273 818 a
2299 763 2466 819 fratre
2493 764 2612 835 ejus
2637 765 2777 821 duce
2799 765 3092 823 Bcrtbaldo
3116 769 3186 824 ad
3231 786 3429 840 papam
3459 769 3757 840 directum,

2164 856 2294 912 dum
2317 872 2414 926 per
2441 856 2596 911 illum
2644 866 2864 927 pontem
2916 861 3152 916 transire
3178 862 3360 928 vellet,
3409 863 3468 918 in
3503 866 3758 936 captione

2163 947 2532 1002 detinuerunt.
2562 946 2741 1003 Welfo
2769 949 2881 1004 dux
2925 949 3189 1020 Bajoaria:
3249 951 3626 1009 ﬁrmissimam
3655 971 3755 1026 pa-

2165 1053 2283 1093 cem
2313 1053 2480 1108 quam
2519 1038 2728 1094 dudum
2767 1041 2838 1072 “'
2891 1055 3018 1096 cum
3045 1043 3400 1100 Alemannico
3435 1045 3576 1102 duce
3625 1045 3760 1102 Ber-

2166 1130 2350 1184 thaldo
2378 1139 2433 1185 et
2466 1130 2692 1202 reliquis
2727 1130 3065 1188 Alemannize
3109 1135 3450 1206 principibus
3488 1138 3759 1205 inieiavit,

2166 1236 2344 1291 usque
2378 1219 2709 1291 Bajoariam,
2755 1222 2868 1276 imo
2917 1239 3093 1293 usque
3126 1224 3196 1280 ad
3224 1223 3525 1298 Ungariam
3563 1243 3762 1298 propa-

2167 1312 2331 1384 gavit.
2357 1310 2590 1368 Francia
2615 1327 2836 1384 quoque
2870 1311 3172 1370 Teutonica
3193 1316 3481 1373 etAlsatia
3525 1320 3761 1374 eandem

2165 1419 2356 1475 pacem
2395 1403 2451 1457 in
2468 1404 2583 1462 suis
2613 1405 2862 1475 partibus
2907 1422 2966 1486 se
3016 1407 3404 1466 observaturas
3435 1410 3762 1480 juramento

2165 1492 2542 1552 decreverunt.
2573 1491 2682 1550 Hec
2711 1503 2894 1551 tamen
2917 1511 3024 1567 pax
3065 1497 3121 1552 in
3161 1498 3486 1556 Alemannia
3521 1503 3765 1557 maxime

2170 1581 2418 1649 invaluit,
2442 1597 2508 1637 eo
2544 1584 2688 1654 quod
2712 1585 2988 1656 principes
3023 1587 3143 1656 ejus
3164 1589 3398 1659 quisque
3426 1590 3482 1645 in
3533 1606 3636 1648 sua
3661 1606 3764 1662 po-

2101 1681 2144 1738 B
2173 1681 2365 1730 testate
2383 1675 2662 1746 justiciam
2703 1675 2882 1734 facere
2912 1695 3022 1736 non
3061 1683 3390 1750 cessaverit;
3435 1685 3590 1755 quod
3635 1687 3766 1741 reli-

2170 1779 2295 1836 qua:
2333 1766 2631 1836 provinciae
2667 1769 2914 1824 nondum
2965 1769 3148 1826 facere
3180 1758 3545 1830 decreverint.
3597 1775 3666 1831 Et
3692 1777 3762 1810 ‘”

2171 1853 2441 1924 praecipue
2469 1855 2580 1910 dux
2616 1853 2940 1914 Bertbaldus
2973 1860 3042 1914 ad
3068 1859 3368 1918 faciendam
3390 1864 3680 1933 justlczam
3707 1866 3764 1922 in

2171 1947 2372 2004 ducatu
2408 1948 2744 2006 Alemanniae
2777 1952 2915 2008 adeo
2941 1954 3167 2022 exarsit,
3202 1964 3262 2011 ut
3300 1956 3353 2011 in
3377 1958 3767 2014 observatione

2165 2038 2404 2110 justicia:
2425 2055 2618 2096 omnes
2643 2041 3073 2111 praedecessorcs
3119 2061 3252 2102 suos
3296 2062 3436 2116 pene
3465 2048 3682 2114 vicerit,
3709 2058 3768 2104 et

2172 2131 2238 2186 de
2275 2131 2380 2186 hoc
2403 2133 2650 2188 omnium
2677 2148 2774 2190 ora
2811 2135 2904 2206 pio
2951 2151 3172 2194 rumore
3219 2139 3597 2210 compleverit.
3647 2140 3761 2196 Ila-

2174 2237 2338 2293 gnam
2391 2232 2572 2278 tamen
2594 2224 2966 2282 difﬁcultatem
3017 2228 3200 2284 adhuc
3253 2229 3310 2283 in
3351 2231 3463 2286 illis
3509 2233 3763 2302 partibus

2174 2321 2363 2370 sancta
2384 2323 2559 2371 mater
2599 2318 2814 2374 melesia
2858 2318 2915 2374 in
2941 2320 3272 2377 devitatione
3314 2326 3766 2384 excommunica-

2177 2411 2356 2460 torum
2387 2421 2645 2476 perpessa
2669 2416 2773 2474 est,
2816 2423 2958 2480 quos
2991 2412 3180 2482 utique
3232 2412 3323 2467 vix
3349 2413 3602 2470 devitarc
3635 2431 3761 2486 pos-

2175 2503 2278 2562 set,
2307 2495 2353 2550 si
2393 2512 2503 2551 non
2547 2497 2664 2568 jam
2721 2499 2930 2557 dudum
2976 2502 3211 2558 domnus
3242 2519 3380 2574 papa
3432 2507 3762 2561 sententiam

2173 2587 2758 2646 excommunicationis
2825 2591 3231 2661 quodammodo
3280 2608 3407 2648 cum
3462 2595 3761 2666 apostolica

491 2691 602 2746 rari
632 2707 741 2746 ηοη
773 2691 1032 2762 pomerii,
1065 2689 1212 2746 υχοι·
1245 2692 1410 2762 hujus
1451 2687 1800 2762 imperatoris
1827 2685 1942 2756 jam
1976 2682 2072 2736 diu
2177 2677 2500 2732 auctoritate
2517 2687 2890 2750 temperasset.
2916 2679 3052 2736 Nam
3079 2683 3282 2738 multos
3305 2683 3424 2753 ipse
3445 2700 3605 2740 more
3632 2700 3762 2756 pm

492 2781 679 2836 multis
701 2780 918 2850 injuriis
944 2781 1222 2847 lacessita,
1255 2781 1553 2850 multisque
1589 2778 1772 2842 annis,
1810 2790 1878 2832 ne
1907 2771 2072 2828 aufu-
2176 2767 2480 2824 decessoris
2505 2770 2590 2826 sui
2617 2772 2940 2829 venerabilis
2970 2789 3122 2844 papae
3169 2775 3418 2848 Gregorii
3439 2778 3512 2832 de
3539 2794 3761 2834 excom-

488 2882 658 2944 8eret'
686 2875 982 2941 custodita,
1013 2875 1232 2930 tandem
1270 2874 1340 2930 ad
1394 2871 1700 2929 “temonem
1747 2870 1942 2926 ducem
1967 2863 2075 2920 lia-
2178 2859 2568 2931 municatione.
2597 2862 2840 2930 seclusit,
2883 2864 3134 2922 videlicet
3178 2867 3448 2936 viatores,
3487 2865 3765 2936 rusticos,

489 2962 578 3018 liae
623 2963 864 3034 aufugit;
917 2979 1040 3034 qua:
1085 2963 1229 3033 apud
1277 2978 1410 3019 suos
1452 2970 1532 3017 tot
1575 2969 1630 3017 et
1664 2967 1815 3016 tanta
1853 2966 2074 3025 tamque
2116 3028 2146 3034 _
2179 2964 2368 3007 servos
2393 2960 2447 3007 et
2467 2953 2715 3020 ancillas,
2741 2971 2942 3012 uxores
2976 2967 3032 3013 et
3057 2959 3216 3026 ﬁlios,
3249 2976 3391 3031 quos
3414 2969 3608 3018 tamen
3653 2979 3770 3034 per-

488 3052 733 3110 inaudita
759 3028 1008 3108 mala-se
1040 3028 1260 3124 passam
1314 3061 1610 3124 conquesta
1658 3058 1761 3115 est,
1804 3056 1866 3104 ut
1914 3043 2078 3100 etiam
2106 3028 2149 3086 (ἶ
2181 3057 2337 3098 versa
2387 3043 2642 3100 voluntas
2683 3048 2874 3104 eodem
2926 3050 3144 3106 vinculo
3176 3057 3773 3112 excommunicationis

487 3142 632 3213 apud
693 3143 948 3200 inimicos
998 3141 1430 3198 misericordiam
1477 3157 1537 3198 se
1583 3141 1927 3196 inventuram
1963 3151 2075 3192 non

491 3231 794 3302 dubitaret;
829 3248 931 3289 nec
959 3233 1015 3288 in
1040 3233 1142 3290 hac
1175 3233 1366 3304 utique
1405 3247 1500 3303 spe
1520 3232 1746 3302 decepta
1789 3237 1892 3286 est.
1937 3225 2077 3282 Nam

491 3322 602 3378 dux
631 3332 688 3378 et
720 3339 859 3381 uxor
879 3325 999 3395 ejus
1039 3323 1313 3380 Mathildis
1345 3332 1622 3395 gratanter
1648 3336 1768 3376 eam
1815 3333 2075 3390 suscepe-

489 3420 642 3478 runt,
665 3422 720 3469 et
749 3414 1047 3470 honoriﬁce
1073 3421 1464 3470 tractaverunt.
1516 3411 1738 3468 Juditha
1759 3425 1899 3468 uxor
1920 3408 2078 3465 ducis

491 3499 762 3559 Wclfonis
797 3503 1086 3576 Bajoariaa,
1125 3504 1243 3574 jam
1265 3505 1360 3558 diu
1386 3502 1683 3568 inﬁrmata,
1731 3508 1787 3556 et
1817 3516 1882 3556 ea
1907 3499 2074 3555 casti-

491 3593 710 3664 gatione
729 3609 838 3649 non
859 3611 1051 3666 parum
1065 3596 1370 3662 meliorata,
1387 3596 1532 3652 diem
1554 3591 1752 3650 clausit
1767 3601 2074 3649 extremum

491 3685 546 3740 ι.
577 3681 764 3740 Nonas
787 3684 990 3754 Martii,
1011 3694 1066 3742 et
1085 3687 1231 3758 apud
1267 3686 1685 3753 monasterium,
1712 3685 1861 3757 quod
1903 3685 2072 3742 mari-

491 3783 581 3831 tus
621 3775 741 3846 ejus
766 3777 820 3832 in
857 3776 1128 3834 honorem
1162 3777 1338 3834 sancti
1385 3776 1601 3833 Martini
1629 3776 1814 3848 (1M9)
1863 3775 1916 3831 in
1947 3791 2076 3848 pro-

489 3869 614 3938 prio
641 3870 843 3926 allodio
869 3872 1199 3940 construxit,
1228 3887 1260 3927 a
1295 3870 1619 3928 Gebebardo
1664 3869 2074 3928 Constantiensi

488 3962 747 4033 episcOpo
770 3963 1069 4019 honoriﬁce
1091 3964 1382 4034 sepelitur;
1407 3965 1474 4019 ad
1499 3963 1646 4035 quod
1680 3961 2073 4018 monasterium

491 4051 723 4106 maritus
753 4053 872 4122 ejus
893 4051 1004 4106 dux
1030 4053 1293 4123 capellam
1331 4051 1514 4124 (1420)
1561 4052 1735 4124 ipsius
1774 4051 2071 4118 tradididit,

489 4155 614 4209 qua:
639 4141 692 4196 in
719 4157 857 4197 auro
881 4152 935 4198 et
986 4153 1212 4215 argento
1252 4151 1306 4199 et
1338 4143 1759 4215 preciosissimis
1783 4158 2074 4213 paramen-

490 4230 563 4287 tis
585 4230 732 4286 mille
766 4232 935 4288 libras
971 4248 1109 4302 pene
1138 4232 1328 4300 valuit,
1382 4233 1633 4304 idemque
1681 4232 2075 4286 monasterium

491 4318 547 4374 in
575 4321 1014 4389 possessionibus
1041 4330 1257 4377 centum
1299 4337 1437 4393 pene
1479 4321 1688 4378 mansis
1731 4321 2070 4388 melioravit;

491 4409 678 4480 sicque
707 4411 1051 4466 melioratum
1098 4420 1155 4466 et
1195 4412 1262 4468 de
1304 4428 1402 4468 sua
1455 4421 1724 4484 potestate
1759 4412 2072 4482 emancipa-

2107 4383 2154 4440 D

2180 3149 2291 3189 non
2319 3134 2652 3192 astrinxerit.
2687 3137 3040 3197 Gebehardus
3065 3141 3514 3202 Constantiensis
3543 3149 3776 3204 mclesia:

2177 3226 2464 3298 episcopus
2511 3245 2764 3300 magnam
2797 3232 3050 3289 sinodum
3071 3235 3408 3292 Constantia:
3433 3237 3492 3291 in
3518 3241 3774 3309 epdoma-

2177 3317 2246 3372 da
2272 3317 2465 3388 majori
2494 3328 2619 3375 ante
2638 3324 2840 3392 pascha
2861 3341 2988 3380 cum
3017 3327 3307 3384 abbatibus
3341 3340 3398 3384 et
3440 3331 3669 3388 clericis
3693 3333 3774 3389 in-

2177 3411 2630 3480 numerabilibus,
2661 3423 2716 3470 et
2745 3432 2868 3472 cum
2902 3419 3172 3489 praedictis
3200 3420 3432 3479 ducibus
3464 3433 3522 3480 et
3546 3425 3775 3502 reliquis

2176 3499 2521 3557 Alemannis;
2547 3504 2885 3577 principibus
2931 3511 3192 3567 canonice
3229 3513 3530 3569 celebravit
3575 3499 3770 3586 (April.

2175 3591 2329 3664 inc.),
2357 3593 2540 3666 ibique
2580 3598 2752 3654 multa
2779 3615 2900 3671 quae
2935 3592 3255 3675 corrigenda
3299 3615 3460 3660 erant
3506 3610 3770 3664 correxit.

2176 3682 2254 3740 lbi
2280 3685 2444 3742 etiam
2473 3687 2926 3747 incontinentiam
2964 3693 3034 3726 ⁸⁸³
3063 3695 3508 3768 presbyterorum
3550 3707 3610 3754 et
3651 3702 3770 3757 vio-
3831 3704 3840 3712 '

2174 3775 2396 3832 lcntiam
2431 3779 2859 3838 simoniacornm
2885 3785 3020 3840 aJeo
3055 3787 3356 3856 prohibuit,
3383 3798 3448 3846 ut
3478 3779 3658 3848 etiam
3676 3808 3770 3862 po-

2177 3867 2365 3938 pulum
2399 3871 2470 3926 ab
2488 3887 2680 3928 eorum
2703 3873 2879 3930 oﬁicio
2927 3875 3144 3945 penitus
3197 3877 3302 3933 sub
3337 3879 3528 3934 hanno
3578 3883 3770 3952 prohi-

2176 3959 2408 4029 buisset,
2445 3964 2490 4018 si
2525 3965 2627 4036 ipsi
2651 3966 2705 4020 in
2727 3967 2817 4021 tali
2851 3964 3096 4022 facinore
3125 3970 3292 4040 positi
3338 3980 3536 4026 contra
3589 3971 3680 4028 fas
3717 3982 3770 4030 et

2172 4049 2264 4122 jus
2314 4053 2627 4110 ministrare
2679 4058 3171 4128 praisumpsissent.
3235 4057 3438 4116 Statuit
3479 4064 3652 4120 etiam
3697 4065 3766 4118 ibi

2171 4139 2327 4211 juxta
2357 4151 2557 4198 statuta
2593 4155 2906 4202 sanctorum
2935 4157 3174 4218 patrum,
3203 4160 3266 4205 ut
3281 4150 3560 4221 jejunium
3590 4153 3767 4208 Martii

2175 4231 2230 4285 in
2261 4231 2435 4302 prima
2457 4234 2754 4304 epdomada
2787 4239 3238 4310 quadragesimzc,
3283 4251 3340 4297 et
3364 4242 3645 4312 jejunium
3672 4243 3767 4300 Ju—

2177 4322 2254 4378 nii
2277 4323 2330 4378 in
2347 4325 2646 4394 epdomada
2668 4337 3006 4397 pentecostes
3023 4348 3236 4404 semper
3249 4334 3620 4391 celebrentur.
3635 4335 3766 4394 item

2179 4415 2372 4470 statuit
2420 4425 2481 4471 ut
2535 4425 2645 4472 tam
2683 4419 2738 4474 in
2773 4423 3073 4492 epdomada
3117 4435 3462 4496 pentecostes
3514 4431 3766 4499 quamin

490 4508 610 4558 tum
637 4511 828 4559 sancto
853 4502 1014 4560 Petro
1033 4503 1137 4560 sub
1155 4504 1280 4574 jure
1294 4505 1586 4560 tributario
1627 4505 1977 4572 contradidit,
2010 4513 2073 4560 ut
2176 4507 2476 4578 epdomada
2500 4511 2740 4579 paschali
2773 4521 2886 4570 tres
2915 4523 3125 4571 tantum
3159 4517 3276 4574 dies
3297 4517 3496 4576 festive
3524 4521 3768 4576 celebra-

491 4595 803 4666 apostolicze
824 4595 938 4650 sedi
961 4595 1218 4666 deinceps
1242 4596 1614 4666 principaliter
1663 4597 1991 4667 subjaceret,
2017 4604 2074 4652 et
2177 4605 2384 4653 rentur.
2424 4597 2558 4672 Nam
2596 4616 2772 4672 usque
2793 4604 2860 4658 ad
2905 4605 3038 4668 illud
3069 4615 3284 4678 tempus
3320 4608 3765 4665 Constantiensis

489 4687 595 4742 sub
623 4687 744 4758 ejus
765 4685 1100 4754 defensione,
1133 4696 1192 4742 ut
1219 4686 1322 4742 alia
1363 4687 1531 4742 libera
1572 4689 2071 4759 monasteria,jure
2174 4688 2523 4761 episcopatus
2573 4707 2780 4750 morem
2822 4697 3364 4766 comprovincialium
3420 4716 3536 4756 non
3572 4711 3765 4757 estse-

491 4784 752 4844 perpetuo
791 4775 1038 4845 polleret.
1065 4774 1309 4831 Domnus
1327 4791 1469 4847 papa
1515 4773 1706 4832 Romae
1754 4793 1922 4849 prepe
1943 4794 2070 4833 san—
2173 4789 2354 4847 cutus,
2407 4783 2658 4840 videlicet
2714 4785 2979 4857 integram
3031 4790 3390 4860 septimanam
3437 4791 3494 4846 in
3561 4795 3764 4863 pascha

491 4871 635 4918 ctam
662 4863 890 4920 Mariam
917 4878 1116 4922 novam
1142 4865 1221 4914 ⁸⁸⁸.
1256 4865 1313 4921 in
1342 4867 1580 4937 quadam
1609 4865 1926 4923 ﬁrmissima
1947 4885 2071 4923 mu-
2175 4871 2381 4942 (“22),
2417 4883 2472 4929 et
2519 4890 2690 4932 unum
2719 4877 2866 4933 diem
2889 4885 3100 4936 tantum
3128 4883 3182 4936 in
3209 4892 3529 4952 pentecoste
3571 4887 3760 4940 obser-

1786 4979 2020 5038 VARUE
2059 4981 2458 5040 LECTIONES.

562 5065 1597 5162 “1nigritie!gntrqmcgto‘receuti
1635 5079 1937 5126 restaurata
1967 5075 2015 5128 l.
2094 5075 2162 5106 ‘“
2211 5075 2379 5145 pergit
2414 5075 2468 5129 2.
2546 5077 2616 5112 ⁸⁸³
2651 5095 2706 5150 q.
2731 5081 2786 5137 d.
2821 5083 3010 5139 desunt
3035 5085 3087 5140 5.
3163 5074 3327 5143 ⁸⁸³³Ει
3349 5117 3422 5130 --
3450 5092 3746 5162 complm

491 5136 564 5192 ..ει
609 5137 799 5190 desunt
826 5137 879 5191 2.
957 5137 1027 5169 ‘“
1066 5139 1342 5195 incnentia
1381 5139 1432 5194 1.
1995 5136 2222 5268 NOTAE.

2178 5310 2267 5386 tur
2291 5301 2542 5386 ριΛΝρῃ.
2577 5304 2737 5386 Mart.
2751 5309 3157 5386 qu_i_forte.fi_iit
3205 5311 3323 5386 dies
3374 5315 3758 5386 depositionis.

2140 5383 2146 5389 '
2175 5371 2970 5474 “ausimnbsbties
2993 5381 3122 5474 ait
3149 5383 3357 5474 ροξττο

2249 5444 2294 5474 ΙΙ
2314 5444 2400 5474 rm
2418 5445 2432 5474 \
2474 5444 2508 5474 Ἀ
2522 5445 2739 5474 ,ιιιιιυι-ιι
2767 5444 2822 5474 ιὶ.

592 5291 748 5432 1418)
787 5291 964 5374 nugo,
992 5293 1162 5362 quia.
1193 5294 1332 5351 1108
1350 5296 1502 5352 obiit.

561 5293 747 5474 ista.

587 5360 748 5432 1419)
777 5360 1224 5432 Πεῖηεέτμξηεο.

587 5429 747 5474 Ιιῖίὶῖ
776 5429 1011 5474 Themin
1047 5429 1140 5474 SS.
1187 5436 1471 5474 annoniinia
1505 5434 1720 5474 “nmini
1749 5441 1835 5474 hin
1873 5441 2071 5474 ἱποθιιὲ-
