3996 5474
252 320 386 381 Mil

1137 324 1427 385 APPEND.
1465 324 1553 384 Ill.
1592 361 1665 370 —
1697 326 2132 387 MONUMENTA
2168 330 2635 394 GREGORIANA.

3392 348 3529 408 me

245 438 595 505 Studuerunt,
626 448 681 496 et
707 436 775 495 ad
797 439 1202 498 confessionem
1232 454 1285 500 et
1314 444 1668 516 penitentiam
1708 463 1834 502 cur-
1863 449 1909 507 Α
1936 438 2272 520 reliquisque
2299 448 2549 509 ﬁdelibus
2572 454 2744 511 sancti
2768 454 2913 513 Petri
2944 458 3172 516 ﬁrmiter
3200 465 3526 542 cqujunctus

243 530 386 597 rere,
436 538 606 601 ‘seque
638 534 1011 589 sacerdotibus
1041 536 1427 593 commendare
1456 554 1564 593 non
1587 554 1838 595 cessave-

245 629 394 676 runt.
443 619 599 678 Unde
636 625 874 680 maxima
926 626 1217 681 multitudo
1268 628 1457 684 eadem
1506 631 1836 686 mortalitate

243 712 380 768 satis
406 714 759 784 probabiliter
773 716 976 773 obiere.
1012 717 1067 772 In
1099 718 1398 775 Galliarum
1428 721 1647 777 civitate
1668 737 1833 793 quam

241 801 533 865 Ostiouem.
556 806 739 877 (1427)
763 807 1062 880 vulgariter
1085 808 1304 878 dicunt,
1333 823 1723 885 congregatum
1751 822 1836 870 est

240 894 491 967 generale
520 899 814 954 concilium
852 917 883 956 a
911 903 1218 958 venerando
1251 900 1437 977 Ugone
1472 904 1658 976 (1428)
1689 903 1835 977 Lug-

133 981 136 985 ’
237 988 474 1044 dunensi
516 990 940 1063 archiepiscopo
985 1000 1039 1048 et
1079 994 1225 1051 sedis
1268 997 1582 1065 apostolicae
1632 998 1830 1069 legato,

237 1092 364 1135 cum
394 1081 858 1155 archiepiscopis,
888 1084 1162 1156 episcopis
1186 1094 1240 1142 et
1268 1087 1557 1144 abbatibus
1583 1089 1831 1147 diversa-

234 1181 363 1224 rum
390 1173 824 1244 provinciarum,
855 1174 922 1230 17
947 1175 1069 1232 Kal.
1103 1175 1447 1237 Novembris.
1476 1180 1534 1235 ln
1557 1196 1668 1252 quo
1695 1182 1830 1238 eon-

232 1261 363 1317 cilio
385 1274 647 1321 renovata
680 1275 765 1323 est
795 1270 1293 1327 excommunicatio
1327 1272 1381 1327 in
1412 1271 1726 1331 lleinricum
1751 1290 1832 1331 re-

232 1368 354 1423 gem
379 1363 433 1410 et
456 1353 764 1414 Wibertum
796 1360 944 1417 sedis
974 1364 1288 1431 apostolicae
1324 1364 1654 1433 invasorem,
1687 1376 1742 1422 et
1774 1367 1829 1422 in

231 1454 427 1501 omnes
448 1462 643 1503 cunam
674 1451 999 1520 complices;
1031 1452 1161 1509 item
1190 1470 1286 1511 rex
1307 1454 1608 1512 Galliarum
1630 1456 1832 1529 Philip-

228 1547 334 1604 pus
364 1539 876 1595 excommunicatus
894 1550 997 1609 est,
1025 1557 1097 1598 eo
1118 1545 1271 1615 quod
1298 1544 1515 1602 vivente
1532 1562 1704 1604 uxore
1728 1564 1827 1604 sua

227 1623 459 1680 alteram
489 1628 965 1699 superinduxerit;
1017 1633 1148 1689 item
1174 1632 1499 1692 Simoniaca
1531 1638 1741 1695 heresis
1773 1648 1829 1695 ct

226 1713 628 1775 incontinentia
688 1724 1037 1780 sacerdotum
1101 1726 1206 1782 sub
1261 1730 1828 1786 excommunicatione

1938 546 2114 594 totum
2145 541 2316 597 robur
2342 545 2554 614 paterni
2591 548 2865 605 exercitus
2892 550 2945 606 in
2976 541 3363 625 Longobardia-
3383 561 3528 618 obti-

1939 629 2077 684 nuit.
2105 629 2307 700 Welfo,
2344 634 2490 691 ﬁlius
2523 635 2794 695 Wclfonls
2816 641 2972 699 ducis
3011 643 3298 716 Bajoariaa,
3331 667 3362 706 a
3391 668 3526 708 con-

1931 717 2086 789 jugio
2123 724 2339 781 domum
2367 726 2437 758 ⁶⁶¹
2465 725 2741 787 Μαιειίιάὶς
2770 731 2839 765 ⁵⁸⁸
2868 750 2927 790 se
2958 737 3177 805 penitus
3210 754 3524 812 sequestra-

1933 810 2032 878 vit,
2076 827 2330 872 asserens
2384 817 2534 875 illam
2582 835 2613 875 a
2664 837 2723 878 se
2771 826 2996 883 omnino
3048 829 3347 887 immunem
3376 850 3521 905 sper-

1936 901 2234 971 mansisse;
2265 907 2412 975 quod
2453 908 2571 979 ipsa
2601 910 2963 971 libentissime
2987 917 3043 972 in
3077 931 3401 991 perpetuum
3430 942 3522 981 rc-

1932 987 2171 1059 ticuerit,
2202 993 2248 1048 si
2278 1009 2389 1050 non
2432 997 2548 1067 ipse
2586 1002 2736 1070 prior
2769 1004 2905 1061 illud
2950 987 3093 1063 satis
3114 987 3192 1044 “’-
3212 1013 3525 1073 inconside-

1932 1261 2024 1317 diu
2056 1266 2400 1340 multumqe
2421 1287 2522 1342 pro
2550 1275 2866 1347 hujusmodi
2889 1261 3333 1346 reconciliatione
3357 1291 3514 1348 labo-

1933 1356 2094 1411 ravit.
2132 1356 2315 1428 Ipsum
2356 1365 2523 1420 etiam
2564 1365 2881 1429 Heinricum
2927 1375 3033 1431 sibi
3080 1379 3135 1434 in
3180 1381 3513 1453 adjutorium

1931 1446 2128 1504 ascivit
2158 1461 2350 1509 contra
2384 1456 2644 1515 domnam
2693 1461 3033 1536 Mathildam,
3084 1480 3144 1526 ut
3171 1446 3347 1545 ipsam
3375 1478 3519 1536 bona

1932 1552 2031 1592 sua
2081 1540 2195 1598 ﬁlio
2243 1543 2364 1615 ejus
2399 1548 2531 1604 dare
2578 1554 2946 1624 compelleret,
2984 1540 3236 1630 quamvis
3275 1570 3518 1627 nondum

1931 1628 2085 1685 illum
2116 1632 2172 1687 in
2204 1635 2442 1692 maritali
2484 1655 2647 1711 opere
2695 1628 3052 1716 cognosceret
3090 1653 3182 1723 m;
3233 1657 3379 1715 unde
3425 1661 3521 1717 diu

1929 1717 2144 1777 frustra
2162 1725 2469 1786 laboratum
2500 1742 2601 1787 est.
2639 1734 2888 1794 Domnus
2916 1756 3079 1812 papa,
3110 1717 3223 1801 Deo
3251 1756 3305 1802 et
3327 1759 3520 1807 sancto

225 1806 487 1866 damnata
512 1821 635 1879 est;-
659 1813 790 1870 item
814 1817 1103 1874 monachis
1145 1806 1494 1877 interdictum
1520 1832 1603 1879 est
1641 1824 1695 1878 iu
1724 1839 1813 1881 eo-

1924 1808 2086 1867 Petro
2112 1830 2491 1889 prosperante,
2520 1823 2631 1893 jam
2660 1841 2801 1896 pene
2828 1806 3031 1902 ubique
3051 1806 3356 1906 praevaluit,
3378 1806 3517 1896 etin

222 1899 346 1955 dem
407 1905 642 1961 concilio
687 1923 757 1963 ne
784 1910 1234 1979 parrmchialium
1268 1903 1617 1970 sacerdotum
1647 1915 1821 1972 cilicia

220 1993 277 2047 in
325 1996 658 2064 parrmchiis
683 2008 971 2072 usurpent.
1020 2000 1168 2070 Haec,
1214 2004 1463 2075 inquam,
1514 2007 1698 2063 omnia
1746 2008 1820 2064 ibi

220 2093 349 2140 sunt
407 2091 730 2158 constituta,
787 2101 844 2149 et
898 2095 1199 2165 apostolica
1252 2097 1525 2169 legatione
1578 2099 1815 2157 ﬁrmata.

218 2176 552 2237 Adelbertus
573 2196 760 2240 comes
783 2185 852 2240 de
883 2184 1051 2242 Calva
1073 2188 1164 2256 ⁸³⁸,
1180 2188 1404 2259 juvenis
1418 2190 1575 2247 bona:
1597 2192 1815 2261 indolis,

219 2266 437 2323 ohiit3
483 2266 624 2328 Non.
684 2270 1006 2332 Decembris
1047 2276 1138 2332 ⁶¹⁷.
1196 2276 1252 2333 In
1301 2279 1509 2336 Alsatia
1556 2282 1821 2354 magister

219 2356 579 2432 Manegoldus
600 2364 669 2421 de
698 2364 1035 2425 Liutcnbach
1059 2369 1385 2427 mirabiliter
1403 2373 1815 2431 melesiastieam

220 2452 565 2524 religionem,
590 2457 706 2527 jam
732 2457 943 2515 dudum
976 2461 1032 2516 in
1068 2460 1175 2518 illis
1195 2462 1445 2532 partibus
1458 2465 1694 2521 omnino
1714 2480 1815 2522 ex-

218 2545 472 2613 tinctam,
510 2546 624 2605 Deu
661 2550 977 2619 miserante,
1020 2554 1350 2611 reaccendit.
1410 2554 1549 2613 Nam
1608 2557 1815 2614 invale-

218 2648 404 2694 scente
450 2641 596 2710 apud
644 2642 768 2698 illos
813 2644 1077 2702 diuturna
1108 2646 1443 2705 mortalitate
1485 2650 1575 2719 ⁶¹⁸,
1619 2666 1815 2707 omnes

217 2738 352 2800 pene
386 2734 631 2804 majores
655 2744 711 2791 et
735 2737 1002 2797 militares
1030 2741 1177 2795 illius
1205 2743 1503 2813 provincia:
1530 2743 1599 2799 ad
1629 2744 1810 2814 ipsum

217 2825 539 2880 catervatim
569 2842 894 2898 convenere,
934 2832 1084 2888 ct‘de
1120 2835 1685 2892 excommunicatione
1715 2853 1813 2908 per

215 2923 545 2983 potestatem
571 2918 673 2990 ipsi
694 2936 731 2976 'a
761 2921 967 2979 domno
1004 2940 1143 2996 papa
1192 2929 1513 2983 concessam
1550 2928 1807 2996 absoluti,

213 3006 375 3061 etiam
397 3009 469 3063 de
489 3009 716 3082 reliquis
743 3028 936 3070 eorum
970 3018 1231 3087 peccatis,
1249 3029 1471 3090 accepta
1486 3020 1806 3092 penitentia,

214 3094 307 3167 per
327 3115 461 3155 eum
490 3102 703 3159 absolvi
732 3122 841 3162 non
877 3119 1256 3166 cessaverunt.
1288 3110 1355 3166 Hi
1388 3127 1581 3168 omnes
1602 3114 1808 3169 domno

211 3205 363 3262 papa:
388 3191 616 3251 Urbano
631 3197 890 3269 deinceps
918 3199 1149 3256 ﬁdeliter
1175 3203 1397 3259 obedire
1428 3204 1805 3275 decreverunt;

209 3284 352 3339 unde
405 3294 469 3341 et
524 3287 699 3344 oﬁicia
755 3288 1197 3350 Simoniacorum
1244 3303 1300 3351 et
1348 3296 1804 3355 incontinentium

207 3376 642 3444 presbitcrorum
689 3383 908 3453 penitus
958 3386 1199 3457 recipere
1254 3389 1568 3444 uoluerunt.
1628 3390 1805 3462 Hujus

204 3475 387 3524 autem
458 3470 780 3529 obedientia:
840 3475 1079 3533 domnus
1145 3478 1498 3551 Manegoldus
1565 3484 1805 3538 maxima

204 3571 368 3616 causa
392 3560 529 3630 fuit;
566 3565 711 3621 unde
730 3575 786 3622 et
812 3584 1067 3640 magnam
1094 3570 1357 3627 invidiam
1383 3574 1486 3629 sibi
1511 3575 1655 3645 apud
1680 3591 1806 3646 per-

203 3649 344 3707 ﬁdos
371 3653 656 3723 excitavit,
705 3674 871 3730 quam
902 3669 1085 3717 tamen
1114 3678 1216 3734 pro
1252 3664 1484 3721 minimo
1508 3668 1801 3737 reputavit,

204 3743 331 3812 quia
360 3760 462 3815 pro
494 3745 606 3803 Deo
634 3752 911 3807 contemni
947 3753 1112 3810 etiam
1164 3756 1622 3828 gloriosissimum
1682 3774 1804 3816 esse

205 3848 315 3892 non
344 3837 639 3895 dubitavit.

868 3934 1085 3994 MXCV.

271 4016 525 4079 Domnus
543 4039 679 4096 papa
709 4025 981 4098 Urbanus,
1006 4030 1121 4101 jam
1143 4031 1351 4088 dudum
1377 4032 1444 4088 de
1472 4030 1646 4089 Roma
1674 4048 1803 4105 pro-

202 4108 400 4182 fectus,
432 4117 774 4175 nativitatem
806 4119 1023 4177 Domini
1064 4123 1117 4177 in
1162 4121 1363 4181 Tuscia
1405 4125 1801 4198 gloriosissime

200 4196 525 4280 celebravit;
559 4213 750 4285 in‘qua
781 4219 1063 4287 provincia
1090 4219 1328 4283 Pisanus
1359 4220 1671 4293 episcopus,
1695 4222 1799 4276 ιιυέ

199 4297 347 4354 mine
393 4299 757 4374 Dagobertus,
806 4308 856 4362 ei
908 4309 1316 4367 studiosissime
1359 4311 1600 4379 servivit,
1636 4326 1799 4383 quem

200 4389 317 4459 ipse
344 4392 465 4462 jam
514 4396 723 4453 dudum
754 4400 1210 4474 archiepiscopali
1239 4404 1407 4476 pallio
1441 4412 1496 4460 et
1531 4413 1799 4475 potestate

198 4476 542 4550 sublimavit,
586 4484 733 4555 quod
782 4496 1011 4545 eatenus
1053 4490 1267 4547 Pisanae
1313 4492 1458 4548 sedis
1506 4492 1797 4563 cpisc0pus

198 4569 403 4631 habere
434 4576 506 4608 “’
530 4594 639 4633 non
671 4580 742 4613 ⁸⁸⁸
766 4584 1054 4639 consuevit
1080 4585 1171 4639 σι’.
1200 4583 1492 4642 Heinricus
1512 4595 1695 4642 autem
1721 4586 1792 4618 “°

193 4676 291 4720 rex
317 4665 503 4724 dictus
531 4670 600 4703 ⁶²⁶
629 4687 695 4727 eo
725 4682 970 4746 tempore
1011 4678 1066 4732 in
1108 4676 1489 4750 Longohardia
1532 4678 1791 4734 moraba-

196 4761 304 4825 tur,
350 4774 495 4829 penc
521 4764 673 4818 omni
702 4767 852 4838 regia
881 4768 1146 4840 dignitate
1179 4770 1443 4841 privatus.
1474 4768 1613 4826 Nam
1643 4764 1789 4825 ﬁlius

198 4847 318 4918 ejus
343 4852 693 4925 Chonradus,
721 4858 836 4930 jam
871 4860 1077 4917 dudum
1097 4863 1153 4918 in
1183 4878 1362 4936 regem
1384 4872 1702 4933 coronatus,
1729 4877 1807 4918 se-

196 4943 267 5000 ab
314 4946 410 5004 illo
458 4951 679 5021 penitus
725 4955 1027 5028 separavit,
1079 4967 1134 5015 et
1168 4957 1386 5016 domum
1423 4959 1492 4992 ⁸¹¹
1538 4956 1786 5014 Mathildi

1925 1904 2104 1960 media
2133 1905 2515 1981 Longobardia
2545 1915 2601 1970 in
2626 1918 2848 1977 civitate
2873 1920 3188 1983 Placentina
3207 1970 3223 1997 ,
3270 1904 3415 1989 inter
3443 1934 3523 2005 ip-

1925 2008 2019 2049 sos
2049 1996 2413 2070 scismaticos,
2442 2013 2501 2067 et
2526 2015 2719 2064 contra
2748 2010 2899 2082 ipsos
2926 2019 3233 2085 generalem
3260 1996 3515 2081 sincdum

1925 2089 2111 2164 (M29)
2157 2097 2404 2154 condixit
2451 2101 2639 2174 (Mart.
2674 2106 2760 2178 1);
2790 2109 2861 2164 ad
2886 2124 3056 2180 quam
3086 2116 3377 2189 episcopos
3403 2118 3514 2176 lta-

1921 2182 2029 2251 liae,
2083 2184 2434 2273 Burgundite,
2490 2194 2756 2268 Francize,
2808 2201 3172 2275 Alemanniaa,
3223 2209 3511 2283 Bajoariaz,

1921 2273 2265 2349 aliarumque
2290 2270 2699 2352 provinciarum
2729 2295 2995 2351 canonica
3021 2306 3076 2353 et
3096 2303 3397 2360 apostolica
3421 2321 3518 2362 au-

1915 2641 2028 2692 taut
2057 2637 2476 2701 innumerabilis
2510 2649 2795 2722 conﬁnxit,
2823 2665 2883 2710 ut
2916 2672 3262 2732 nequaquam
3291 2666 3346 2720 in
3372 2680 3514 2737 qua-

1916 2727 2049 2783 libet
2067 2732 2282 2789 aeclesia
2299 2735 2452 2794 illius
2478 2739 2585 2795 loci
2607 2754 2795 2812 posset
2816 2727 3226 2819 comprehendi.
3267 2727 3422 2813 Unde
3452 2769 3510 2815 et

1914 2819 2151 2879 domnus
2178 2840 2318 2896 papa
2342 2837 2496 2886 extra
2524 2833 2715 2889 urbem
2744 2835 2799 2891 in
2828 2852 3024 2910 eampo
3054 2842 3204 2899 illam
3229 2847 3508 2906 celebrare

1911 2913 2233 2983 compulsus
2270 2926 2385 2982 est;
2436 2936 2537 2978 nec
2579 2924 2685 2980 hoc
2725 2935 2909 2984 tamen
2951 2932 3159 3004 absque
3204 2938 3507 3007 probabilis

1913 3004 2148 3102 egempli
2199 3009 2546 3102 auctoritate.
2604 3013 2741 3073 Nam
2792 3018 2911 3089 ipse
2960 3023 3174 3093 primus
3205 3004 3508 3102 degislatcr

1912 3088 2125 3164 Moyses
2179 3098 2441 3191 populum
2499 3101 2594 3158 Dei
2649 3104 2706 3159 in
2769 3088 3200 3183 campestribus,
3238 3088 3505 3191 legalibus

1911 3186 2198 3255 prmccptis
2227 3186 2340 3244 Deo
2358 3190 2585 3260 jubente
2614 3196 2871 3267 instituit,
2897 3202 3082 3275 etipse
3104 3186 3371 3269 Dominus
3391 3227 3502 3268 non

1912 3274 1967 3330 in
1993 3276 2250 3335 domibus
2273 3290 2357 3338 set
2383 3283 2435 3338 in
2465 3296 2651 3344 monte
2671 3300 2726 3346 et
2755 3291 2810 3347 in
2841 3274 3240 3367 campestribus
3267 3303 3505 3376 discipu-

1911 3369 1994 3426 los
2020 3386 2157 3429 suos
2184 3377 2514 3448 evangelieis
2539 3384 2759 3441 statutis
2786 3385 3104 3447 informavit
3133 3393 3339 3466 (M50).
3369 3369 3502 3455 hiis-

1909 3476 2001 3517 sas
2033 3478 2259 3536 quoque
2283 3483 2681 3542 nonnunquam
2717 3486 2871 3534 extra
2897 3481 3169 3538 teclesiam
3213 3488 3347 3543 satis
3375 3504 3505 3560 pro-

1908 3552 2181 3624 babiliter,
2212 3562 2538 3619 necessitate
2588 3566 2812 3635 quidem
2838 3558 3087 3643 cogente,
3134 3552 3500 3649 celebramus,

1906 3648 2164 3717 quamvis
2188 3652 2434 3710 teclesias
2460 3671 2651 3713 earum
2681 3660 3035 3721 celebrationi
3065 3669 3374 3738 specialiter
3412 3674 3505 3728 de-

1904 3748 2125 3808 putatas
2155 3758 2264 3798 nou
2301 3744 2638 3816 ignoremus.
2672 3749 2731 3806 ln
2760 3753 2865 3810 hac
2891 3756 3087 3812 sinodo
3114 3758 3375 3819 Praxedis
3410 3781 3501 3821 re-

1906 3828 2053 3896 gina,
2099 3830 2212 3902 jam
2260 3834 2467 3891 dudum
2509 3852 2539 3892 a
2583 3838 2855 3897 lleiurico
2890 3844 2960 3876 ⁸³⁸
3007 3859 3295 3919 separata,
3329 3867 3500 3925 super

1905 3922 2164 3978 maritum
2217 3942 2380 3982 suum
2417 3929 2623 3986 domno
2655 3935 2957 4004 apostolico
2982 3948 3038 3994 et
3067 3946 3497 4004 sancttetsinodo

1904 4026 2207 4086 conquesta
2258 4029 2344 4075 est
2379 4020 2449 4076 de
2491 4022 2755 4081 inauditis
2802 4026 3229 4090 fornicatiouum
3283 4041 3497 4108 spurci-

1903 4108 2005 4165 ciis
2035 4110 2103 4142 ⁶³⁷
2142 4127 2284 4182 quas
2314 4115 2459 4185 apud.
2491 4119 2748 4173 maritum
2778 4135 2942 4191 passa
2986 4134 3100 4193 est;
3127 4128 3287 4198 cujus
3313 4136 3496 4201 queri-

1902 4206 2145 4261 moniam
2175 4207 2412 4265 domnus
2434 4224 2573 4281 papa
2613 4229 2738 4268 cum
2775 4225 2965 4291 sancta
3002 4219 3199 4277 sinodo
3226 4224 3363 4281 satis
3387 4228 3495 4282 mi-

1902 4300 2254 4356 sericorditer
2292 4304 2553 4374 suscepit,
2582 4320 2649 4360 eo
2688 4308 2836 4377 quod
2865 4308 3039 4380 ipsam
3069 4322 3250 4371 tantas
3279 4320 3494 4386 spurci-

1901 4393 2019 4449 cias
2048 4409 2155 4449 non
2183 4402 2291 4450 tam
2322 4398 2688 4465 commisisse,
2713 4416 2879 4471 quam
2916 4404 3140 4460 invitam
3177 4411 3489 4480 pertulisse,

1901 4500 2002 4556 pro
2042 4496 2193 4543 certo
2220 4490 2557 4560 cognoverit.
2594 4489 2746 4548 Unde
2788 4503 2843 4549 et
2896 4495 2965 4551 de
3016 4498 3334 4570 penitentia,
3390 4520 3492 4574 pro

1901 4579 2217 4651 hujusmodi
2264 4582 2496 4654 ﬁagiciis
2560 4584 2927 4658 injungeuda,
2980 4590 3127 4647 illam
3189 4595 3492 4656 clementer

1899 4674 2151 4741 absolvit,
2177 4689 2299 4746 qua:
2325 4685 2381 4731 et
2407 4685 2695 4748 peccatum
2739 4694 2900 4735 suum
2945 4692 3142 4754 sponte
3173 4696 3229 4742 et
3274 4691 3492 4759 publice

1897 4768 2143 4824 conﬁteri
2183 4784 2292 4823 non
2339 4771 2578 4828 erubuit.
2630 4771 2709 4828 Ad
2747 4773 2891 4830 hanc
2920 4776 3180 4834 sinodum
3205 4779 3491 4855 Philippus

1890 4877 1988 4917 rex
2033 4860 2335 4918 Galliarum
2377 4863 2708 4936 legationem
2740 4880 2899 4923 suam
2938 4869 3161 4936 direxit,
3209 4882 3378 4944 seque
3420 4878 3487 4932 ad

1892 4953 2042 5009 illam
2082 4953 2246 5011 itiner
2273 4955 2344 4988 ⁶²⁸
2377 4955 2673 5029 incepisse,
2701 4957 2795 5015 sed
2817 4958 3080 5034 legitimis
3101 4964 3276 5020 soniis
3303 4967 3491 5040 (H31)

1479 5089 1719 5152 mum
1758 5054 2170 5154 LECTIONES.
