3996 5474
493 316 654 378 1835

1489 307 1585 362 AD
1621 300 2308 396 0PER:\.S..GREGORII
2337 299 2782 360 APPENDICES.
2877 337 2883 346 .

3643 309 3789 366 1494

493 449 558 490 se
592 429 922 512 impeditum
950 427 1122 484 fuisse
1168 421 1449 479 mandavit
1478 421 1686 494 (M52).
1737 419 1893 478 Unde
1930 419 2089 475 iudn-
2121 420 2164 476 Α
2193 425 2300 472 tur.
2345 416 2478 472 Item
2509 417 2564 472 in
2589 415 2914 473 Guibcrtum
2943 415 3348 485 heresiarchen,
3390 419 3538 474 sedis
3563 431 3792 491 aposto—

489 526 598 582 tias
624 523 730 580 sibi
753 537 930 593 usque
957 521 1010 574 in
1032 517 1392 574 Pentecostcn
1406 515 1550 587 apud
1573 514 1840 570 domnmn
1863 527 2083 584 papam,

491 611 690 680 ainodo
736 613 1134 678 intercedente,
1194 607 1522 681 impetravit.
1596 605 1842 662 Domnus
1903 611 2089 660 autem

491 709 649 783 [Iugo
669 709 738 742 ‘"
761 704 1144 778 Lugdunensis
1165 701 1612 774 archiepiscopus
1624 699 1691 754 ad
1716 698 1945 755 eandem
1971 695 2088 751 sin-

490 802 659 858 odum
717 808 984 864 vocatus,
1032 797 1102 852 ab
1157 794 1338 851 ollicio
1389 791 1778 864 suspenditur,
1829 806 1898 846 eo
1937 788 2086 860 quod

494 895 610 964 ipse
634 905 745 947 non
771 889 1006 955 venerit,
1039 903 1142 943 nec
1181 886 1420 957 legatum
1451 900 1578 940 cum
1615 881 1882 940 canonica
1914 895 2086 938 excu-

489 982 706 1042 satione
731 983 861 1039 illuc
878 997 982 1054 pro
1009 997 1070 1038 se
1090 979 1372 1036 direxerit.
1402 977 1537 1034 Item
1572 975 1774 1048 legatio
1807 974 2083 1032 Constan-

488 1071 836 1145 tinopolitani
879 1071 1066 1143 (1455)
1116 1067 1466 1141 imperatoris
1525 1067 1593 1122 ad
1640 1067 1784 1122 hanc
1825 1064 2084 1121 sinodum

487 1164 759 1238 pervenit,
784 1163 882 1235 qui
907 1163 1174 1218 domuum
1209 1175 1409 1232 papam
1437 1174 1738 1230 omnesque
1773 1156 1979 1213 Christi
2019 1156 2084 1212 ﬁ-

488 1247 638 1312 deles
689 1254 1008 1326 suppliciter
1058 1254 1392 1326 imploravit,
1442 1261 1503 1308 ut
1545 1250 1769 1322 aliquod
1817 1249 2082 1304 auxilium

489 1348 595 1404 sibi
628 1356 823 1405 contra
843 1361 1088 1420 paganos
1122 1361 1222 1416 pro
1268 1343 1588 1400 defensione
1621 1347 1824 1398 sancta:
1855 1338 2084 1395 ecclesiae

487 1436 824 1504 conferrent,
862 1450 1031 1506 quam
1065 1434 1264 1506 pagani
1286 1433 1402 1504 jam
1433 1448 1570 1504 pene
1605 1431 1662 1486 in
1693 1430 1802 1486 illis
1833 1428 2080 1500 partibus

485 1530 816 1594 deleveraut,
838 1527 934 1598 qui
957 1536 1141 1598 partes
1163 1525 1284 1581 illas
1299 1541 1474 1596 usque
1501 1524 1568 1580 ad
1590 1537 1780 1579 muros
1814 1519 2083 1579 Constan-

486 1619 861 1692 tin0politanae
886 1617 1124 1675 civitatis
1153 1617 1524 1674 obtinuerant.
1559 1615 1642 1671 Ad
1676 1614 1782 1671 hoc
1817 1628 1950 1686 ergo
1975 1627 2076 1667 au-

486 1716 679 1772 xilium
707 1713 944 1770 domnus
969 1727 1106 1784 papa
1131 1711 1336 1767 multos
1369 1709 1636 1777 incitavit,
1659 1716 1720 1763 ut
1738 1707 1904 1763 etiam
1925 1705 2078 1777 jure-

483 1809 720 1882 iurando
751 1806 1136 1881 promitterent
1157 1820 1217 1861 se
1256 1803 1387 1859 illuc
1425 1800 1538 1857 Deo
1583 1807 1858 1856 annuente
1877 1797 2075 1864 ituros,

485 1911 542 1959 et
565 1903 744 1959 eidem
781 1897 1102 1972 imperatori
1133 1905 1324 1954 contra
1371 1909 1616 1967 paganos
1645 1908 1747 1964 pro
1779 1906 1942 1964 posse
1975 1905 2081 1946 suo

484 1991 868 2052 ﬁdelissimum
893 1986 1230 2059 adjutorium
1257 1987 1575 2042 collaturos.
1617 1983 1745 2040 Haec
1776 1991 1958 2038 autem
1994 1981 2082 2037 iu-

483 2091 570 2140 tcr
599 2082 708 2140 alia
751 2081 808 2137 in
841 2079 932 2135 illa
957 2077 1157 2136 siuodo
1183 2076 1485 2134 constituta
1512 2083 1662 2144 sunt,
1705 2083 1768 2130 ut
1805 2075 1874 2130 ad
1917 2074 2076 2146 peni-

487 2175 721 2234 tentiam
769 2172 922 2228 nullo
957 2169 1120 2230 modo
1173 2169 1548 2240 reciperentur
1587 2167 1683 2238 qui
1715 2165 2074 2230 concubinas,

483 2267 572 2326 vel
613 2265 802 2324 odium
831 2277 898 2320 ex
927 2262 1092 2321 corde
1137 2260 1346 2332 (1454),
1394 2260 1480 2317 vel
1522 2259 1805 2332 quodlibet
1847 2257 2079 2313 mortale

485 2368 773 2430 peccatum
802 2357 1080 2416 dimittere
1122 2355 1349 2410 nollent.
1384 2353 1516 2409 Item
1553 2361 1616 2409 ut
1645 2353 1831 2409 nullus
1861 2349 2076 2423 presbi—

483 2460 570 2506 ter
597 2451 812 2520 aliquos
851 2448 921 2504 ad
962 2445 1320 2520 penitentiam
1366 2443 1652 2516 reciperet,
1689 2443 1796 2498 uisi
1827 2442 1916 2497 cui
1945 2457 2076 2513 pro—

483 2542 642 2612 prius
681 2540 972 2612 episcopus
1003 2539 1147 2596 hanc
1173 2553 1365 2594 curam
1411 2535 1800 2592 commisisset.
1841 2533 1974 2590 Item
2019 2541 2082 2588 ut

483 2631 823 2702 quibuslibet
847 2630 950 2688 rite
977 2631 1046 2687 ad
1073 2629 1480 2686 confessionem
1511 2627 1856 2683 venientibus
1874 2625 2081 2682 eucha-

483 2725 695 2783 ristiam
739 2741 850 2782 non
902 2725 1258 2797 denegemus,
1304 2739 1447 2796 quos
1489 2723 1609 2778 solo
1664 2736 1915 2794 corpore,
1963 2734 2080 2775 non

484 2821 690 2888 mente,
726 2817 871 2874 inter
895 2816 1412 2886 excommunicatos
1462 2829 1703 2881 manere,
1749 2829 1852 2869 nec
1893 2821 2076 2867 tamen

488 2924 682 2966 eorum
723 2907 1084 2965 sacramentis
1111 2907 1522 2964 communicare
1565 2905 1970 2978 cognoscimus.
2018 2903 2078 2959 ln

482 3003 590 3060 hac
620 3017 844 3073 quoque
877 3001 1076 3058 siuodo
1112 3000 1324 3056 heresis
1378 2997 1822 3054 Simoniacorum
1863 2997 2079 3068 penitus

2192 509 2310 564 liene
2338 509 2674 576 invasorem,
2719 509 2879 570 etgin
2924 524 3115 566 onmes
3145 511 3268 580 ejus
3317 511 3619 582 complices
3653 527 3790 572 sen-

2193 601 2358 656 tentia
2387 601 2758 658 anathematis
2793 601 3027 658 sinodali
3057 602 3269 673 judicio
3302 619 3431 659 cum
3460 604 3790 664 ardentibus

2191 693 2433 749 candelis
2459 693 2658 751 iterum
2687 695 3031 766 promulgata
3065 705 3167 750 est.
3198 693 3256 749 In
3281 694 3386 750 hac
3415 695 3617 752 sinodo
3641 711 3787 766 qua-

2189 794 2317 841 tuor
2341 784 2457 842 fere
2483 786 2634 841 milia
2659 787 2986 842 clericorum
3015 796 3070 842 et
3089 787 3212 858 plus
3234 802 3398 858 quam
3429 786 3655 858 triginta
3680 789 3784 842 mi-

2190 878 2262 932 lia
2289 877 2557 934 laicorum
2589 877 2760 935 fuisse
2781 878 3156 950 perhibentur.
3191 875 3250 933 In
3277 879 3380 934 hac
3414 878 3615 935 siuodo
3648 893 3787 935 con.

2187 972 2440 1029 stitutum
2479 983 2566 1031 est
2604 984 2667 1031 ut
2700 991 2800 1047 pro
2854 977 3134 1044 crismate,
3182 987 3238 1032 et
3266 977 3564 1048 baptismo,
3603 989 3660 1034 et
3691 995 3784 1035 se-

2186 1066 2408 1134 pultura
2447 1067 2618 1124 nichil
2649 1084 2894 1140 unquam
2921 1070 3170 1140 exigatur
3197 1070 3404 1141 (1457).
3442 1069 3577 1126 ltem
3607 1081 3669 1126 ut
3694 1069 3785 1142 je-

2180 1157 2336 1228 junia
2383 1167 2624 1229 quatuor
2661 1169 2970 1232 temporum
3019 1163 3126 1218 hoc
3170 1162 3364 1217 ordine
3413 1163 3786 1228 celebrentur,

2186 1249 2397 1305 scilicet
2446 1251 2688 1318 primum
2743 1253 2798 1308 iu
2849 1254 3027 1320 prima
3078 1253 3385 1325 cpdomada
3419 1254 3786 1326 quadragesi-

2183 1357 2308 1411 mae,
2361 1349 2665 1401 secundum
2695 1349 2752 1400 in
2786 1346 3087 1417 cpdomada
3137 1345 3508 1415 Pentecostes,
3547 1347 3785 1404 tercium

2183 1447 2314 1487 vero
2340 1441 2394 1487 et
2421 1443 2680 1504 quartum
2733 1435 2790 1489 in
2834 1434 3139 1505 Septembri
3193 1445 3250 1492 et
3293 1435 3581 1492 Deccmbri
3615 1437 3785 1493 solito

2182 1540 2338 1581 more
2383 1529 2534 1582 ﬁant.
2573 1527 2760 1598 (1458
2781 1526 2824 1600 ).
2890 1527 3031 1584 lluic
3087 1526 3284 1585 siuodo
3347 1528 3786 1584 reverentissimi

2180 1613 2456 1671 antistites
2505 1615 2911 1684 interfuerunt,
2938 1617 3006 1686 de
3035 1614 3288 1688 Baojaria
3319 1617 3550 1688 quidem
3589 1615 3785 1672 Diemo

2182 1703 2601 1780 Salcburgcnsis
2678 1708 2748 1740 ⁶³⁰
2821 1707 3270 1780 archiepiscopus
3293 1750 3308 1777 ,
3390 1720 3446 1766 ct
3521 1707 3781 1764 Oudalri-

2181 1815 2280 1855 cus
2320 1798 2662 1856 Pataviensis
2701 1799 3027 1871 episcopus,
3069 1801 3193 1872 ejus
3243 1799 3667 1872 suﬂragancus,
3715 1801 3786 1858 de

2177 1892 2501 1948 Alemanuia
2525 1907 2656 1949 vero
2689 1893 3044 1950 Gebehardus
3086 1892 3535 1950 Constantiensis
3561 1894 3784 1966 cpisco—

2179 1999 2304 2055 pus;
2337 1986 2516 2056 quiet
2553 1983 2856 2042 Arnoldum
2901 1983 3365 2042 Mediolanensem
3406 1986 3784 2057 archiepisco-

2178 2095 2307 2150 pum
2329 2079 2422 2134 diu
2446 2079 2668 2151 quidem
2687 2079 2921 2135 electum
2953 2079 3164 2151 (1459),
3195 2087 3279 2136 set
3306 2079 3557 2137 nondum
3587 2095 3783 2136 conse-

2177 2184 2414 2239 cratum,
2441 2171 2634 2230 eodem
2661 2180 2907 2243 tempore
2935 2188 3002 2227 ex
3031 2172 3392 2229 concessione
3420 2171 3782 2242 domnipapa:

2177 2263 2469 2320 Mediolani
2498 2279 2912 2322 consecravere.
2951 2262 3074 2336 Ipse
3100 2279 3322 2336 quoque
3347 2265 3594 2320 domnus
3639 2277 3782 2334 papa

2177 2351 2530 2410 Oudalricum
2561 2353 2891 2426 Augiensem
2915 2353 3166 2410 abbatem
3193 2369 3260 2410 eo
3285 2363 3534 2426 tempore
3576 2369 3778 2410 conse-

2178 2447 2372 2516 cravit,
2396 2447 2492 2518 qui
2539 2447 2726 2504 itidem
2761 2447 3034 2518 prmdicta:
3066 2447 3261 2504 siuodo
3295 2445 3572 2514 interfuit;
3603 2444 3696 2502 cui
3723 2446 3780 2500 in

2178 2540 2467 2610 praesentia
2493 2537 2933 2596 Constantiensis
2955 2539 3200 2610 episcopi
3226 2553 3448 2594 omnem
3487 2539 3776 2610 episcopa-

2178 2631 2284 2688 lem
2314 2639 2638 2702 potcstatem
2669 2631 2736 2664 ⁸³⁸
2765 2631 2820 2686 in
2850 2631 3058 2686 clerum
3089 2639 3144 2686 et
3189 2631 3457 2701 populum
3483 2629 3778 2702 Aegiensis

2179 2723 2374 2782 insulae
2408 2723 2710 2792 interdixit,
2762 2738 2928 2795 quam
2953 2723 3159 2779 dudum
3197 2721 3618 2781 Coustantiensi
3659 2723 3773 2794 epi-

2180 2831 2348 2887 scopo
2371 2817 2645 2874 concessit
2669 2815 2875 2888 (1M0).
2907 2816 3089 2871 Abbas
3123 2824 3308 2870 tamen
3335 2815 3428 2871 ille
3465 2831 3581 2872 non
3608 2815 3777 2872 multo

2179 2917 2305 2979 post
2326 2909 2392 2966 de
2413 2908 2504 2964 illa
2530 2917 2799 2980 potestate
2833 2923 2892 2964 se
2925 2906 3256 2974 intromisit;
3291 2907 3438 2962 unde
3483 2907 3776 2978 quau-imo.

2182 2999 2272 3055 nia
2300 2998 2444 3056 facta
2475 3001 2546 3056 ab
2571 3001 2852 3072 episcopo,
2902 2999 3142 3056 domnus
3189 3014 3330 3071 papa
3389 2997 3548 3054 illum
3596 2999 3778 3056 missis

485 3096 746 3151 damnata
770 3103 874 3162 est,
913 3103 974 3150 ut
996 3092 1260 3166 quicquid
1286 3092 1370 3147 vel
1399 3092 1453 3146 in
1485 3091 1662 3148 sacris
1687 3089 1974 3146 ordinibus
1997 3089 2078 3146 vel
2106 3114 2148 3172 ο
2179 3091 2354 3149 literis
2382 3093 2454 3148 ab
2481 3092 2796 3165 hujusmodi
2841 3090 3266 3164 praesumptione
3307 3090 3513 3146 iterum
3557 3105 3780 3162 compe-

485 3186 546 3243 in
565 3185 945 3244 melesiasticis
973 3187 1138 3242 rebus
1170 3185 1295 3240 data
1321 3184 1404 3238 vel
1427 3183 1698 3254 promissa
1727 3181 1956 3254 pecunia
1988 3181 2080 3236 ad-

484 3279 751 3351 quisitum
780 3277 1092 3336 Simoniace
1117 3277 1412 3343 videretur,
1437 3290 1539 3346 pro
1562 3275 1720 3330 irrito
1762 3274 2076 3341 haberetur,

483 3371 776 3441 nullasque
800 3370 950 3426 vires
971 3367 1156 3440 (M35)
1189 3366 1448 3423 habuisse
1474 3365 1556 3421 vel
1581 3363 2078 3435 haberejudicare-

485 3471 594 3518 tur.
645 3461 744 3517 llis
768 3471 952 3517 tamen
981 3459 1077 3530 qui
1109 3473 1221 3514 non
1259 3456 1572 3514 Simoniace
1607 3467 1663 3514 et
1703 3457 2013 3513 nescienter
2045 3471 2078 3512 a

484 3550 818 3607 Simoniacis
849 3549 1093 3605 ordinati
1127 3558 1278 3614 sunt,
1311 3547 1686 3602 misericordia
1714 3546 1768 3600 in
1807 3547 2076 3602 servando

483 3641 678 3698 ordine
698 3653 962 3697 concessa
987 3646 1104 3706 est;
1127 3637 1224 3710 qui
1246 3653 1375 3693 vero
1399 3637 1634 3693 scienter
1665 3637 1734 3692 ab
1761 3635 2078 3707 hujnsmodi

483 3719 725 3789 ordinati
751 3740 906 3799 sunt,
936 3745 1064 3786 cum
1099 3729 1217 3785 suis
1247 3727 1654 3785 ordinatoribus
1676 3726 2079 3798 inrecuperabi-

481 3825 606 3882 liter
629 3824 876 3882 damnati
902 3833 1030 3880 sunt
1057 3821 1264 3895 (N36).
1313 3820 1446 3877 Item
1497 3820 1705 3878 heresis
1745 3817 2080 3876 Nicholaita-

481 3933 628 3985 rum,
655 3916 709 3973 id
736 3925 822 3975 est
859 3913 1338 3980 incontinentium,
1375 3912 1863 3977 subdiaconorum,
1891 3911 2079 3966 diaco-

483 4025 688 4066 norum
735 4016 792 4065 et
843 4007 1116 4079 praecipue
1168 4005 1540 4072 sacerdotum,
1593 4003 2080 4061 inretractabilitcr

481 4103 742 4160 daniuata
771 4109 875 4167 est,
907 4109 970 4156 ut
991 4098 1247 4169 deinceps
1276 4097 1345 4154 de
1375 4095 1552 4154 otIicio
1577 4111 1638 4152 se
1666 4111 1779 4151 non
1800 4094 2078 4150 intromit-

481 4205 624 4263 tant,
647 4193 824 4266 quiin
859 4194 951 4249 illa
985 4191 1170 4250 heresi
1193 4203 1418 4248 manere
1445 4205 1554 4244 non
1602 4188 1930 4258 formidant;
1975 4203 2077 4246 nec

485 4288 724 4360 populus
748 4301 942 4343 eorum
969 4283 1145 4341 cilicia
1181 4283 1461 4339 ullomodo
1497 4281 1750 4354 recipiat,
1773 4281 1820 4338 si
1851 4281 1956 4352 ipsi
1980 4279 2076 4335 Ni-

482 4379 734 4438 cholaita:
777 4386 970 4434 contra
1013 4377 1132 4433 haec
1173 4373 1462 4432 interdicta
1505 4373 1822 4430 ministrare
1865 4389 2076 4444 praesu-

2181 3183 2342 3239 scuit.
2385 3183 2712 3240 Chonradus
2761 3199 2858 3240 rex
2900 3183 3048 3240 ﬁlius
3094 3181 3334 3240 Heinrici
3383 3182 3598 3238 domno
3631 3196 3781 3254 papa

2181 3273 2403 3332 Urbano
2449 3275 2781 3332 Cremonam
2834 3275 3075 3332 venienti
3139 3273 3358 3338 obviam
3405 3273 3780 3348 progredimr,

2177 3368 2338 3440 eique
2391 3369 2646 3424 stratoris
2707 3367 2947 3424 cilicium
2992 3366 3245 3424 exhibuit
3290 3366 3326 3422 4
3373 3363 3507 3422 ldus
3555 3365 3779 3438 Aprilis.

2178 3455 2382 3516 Deinde
2404 3459 2472 3491 ⁸³¹
2497 3459 2624 3516 fecit
2653 3461 2702 3514 ei
2726 3460 3044 3516 ﬁdelitatem
3080 3459 3397 3530 iuramento
3447 3457 3520 3514 de
3559 3457 3696 3524 vita,
3719 3458 3782 3514 de

2178 3553 2440 3610 membris
2465 3594 2481 3621 ,
2517 3553 2670 3608 etde
2712 3561 2912 3626 papatu
2967 3550 3239 3607 Romano.
3291 3548 3548 3608 Domnus
3599 3560 3781 3608 autem

2178 3663 2318 3718 papa
2371 3646 2428 3701 in
2485 3644 2661 3702 ﬁlium
2713 3653 2918 3702 sanctae
2959 3642 3224 3701 Romanae
3274 3641 3508 3716 ecclesia:
3568 3642 3782 3714 recepit

2179 3739 2352 3807 illum,
2391 3739 2551 3810 eique
2580 3736 2874 3795 consilium
2921 3745 2976 3792 et
3026 3733 3360 3808 adjutorium
3405 3733 3477 3790 ad
3526 3733 3784 3798 obtineri:

2177 3832 2309 3900 dum
2337 3845 2567 3902 regnum
2599 3838 2655 3886 et
2701 3829 2770 3884 ad
2809 3843 3074 3885 coronam
3115 3825 3329 3898 imperii
3375 3825 3782 3896 adquirendam

2179 3937 2366 3979 coram
2414 3921 2619 3993 populo
2665 3919 2984 3976 ﬁrmissime
3029 3915 3302 3990 promisit,
3343 3915 3497 3970 salva
3555 3915 3782 3986 quidem

2173 4011 2396 4084 justicia
2409 4011 2556 4068 illius
2575 4010 2824 4076 mdesiae,
2847 4018 2904 4066 et
2924 4007 3144 4065 statutis
3167 4004 3504 4078 apostolicis,
3537 4005 3783 4060 maxime

2177 4105 2246 4161 de
2294 4104 2635 4161 investituris
2681 4104 2738 4160 in
2769 4102 2838 4135 ⁸³⁸
2885 4099 3224 4174 spiritalibus
3275 4098 3344 4130 ⁸³³
3381 4098 3452 4131 ⁸³⁵
3489 4098 3782 4156 ciliciism

2178 4213 2211 4253 a
2239 4196 2308 4228 ⁸³³
2349 4196 2490 4253 laico
2519 4196 2588 4229 ⁸³³⁸
2640 4211 2755 4252 non
2784 4195 2854 4227 ⁸³³
2903 4191 3236 4264 usurpandis
3268 4190 3358 4246 ⁵³⁸.
3417 4189 3606 4248 Welfo
3669 4193 3780 4259 dux

2177 4287 2444 4360 Bajoariae
2465 4303 2592 4344 cum
2635 4288 2748 4343 ﬁlio
2775 4303 2878 4344 suo
2904 4285 3156 4342 Well‘one
3199 4283 3420 4340 tandem
3456 4283 3529 4341 de
3559 4284 3780 4358 Longo-

2176 4379 2366 4436 bardia
2390 4381 2443 4437 in
2467 4379 2846 4438 Alemanuiam
2874 4379 3054 4448 rediit,
3078 4378 3423 4452 multumque
3449 4379 3518 4434 de
3546 4381 3778 4436 restitn-

482 4480 656 4528 mant.
707 4469 844 4526 Item
875 4467 1088 4526 heresis
1118 4467 1534 4540 Beringariana,
1577 4469 1694 4539 jam
1727 4467 1798 4522 ab
1850 4467 2078 4538 antiquo
2109 4467 2330 4561 D.tione
2375 4469 2598 4529 lIenrici
2650 4473 2707 4532 in
2752 4489 3004 4545 regnum,
3031 4469 3286 4544 quamvis
3315 4471 3383 4528 de
3426 4471 3779 4527 anathemate

483 4561 780 4634 sepissime
823 4559 1317 4627 auathematizata,
1369 4558 1567 4614 iterum
1595 4557 1857 4622 damnata
1887 4566 1990 4626 est,
2021 4567 2077 4614 et

484 4651 762 4712 sententia
786 4651 1071 4712 catholica:
1093 4649 1220 4706 ﬁdei
1249 4657 1443 4706 contra
1464 4648 1694 4705 eandem
1723 4648 1937 4704 ﬁrmata
1967 4656 2072 4716 est;

484 4744 738 4802 videlicet
757 4743 921 4816 quod
941 4743 1104 4815 panis
1127 4751 1182 4800 et
1213 4742 1426 4810 viuum,
1454 4757 1580 4797 cum
1607 4741 1666 4796 in
1697 4740 1858 4797 altari
1876 4756 2072 4798 conse-

486 4847 731 4906 crantur,
754 4851 866 4892 non
891 4835 1070 4894 solum
1083 4833 1314 4908 ﬁgurate
1351 4834 1448 4891 sed
1473 4833 1641 4890 etiam
1661 4849 1789 4890 vere
1813 4842 1869 4890 et
1887 4849 2075 4894 esseu-

485 4927 686 4984 tialiter
714 4928 773 4984 in
815 4943 1019 5000 corpus
1061 4937 1117 4986 et
1145 4927 1469 5010 sanguinem
1499 4927 1717 4982 Domini
1744 4936 2072 4986 convertan-

2180 4566 2425 4621 nondum
2463 4565 2778 4622 absolutum
2802 4566 2892 4634 ⁸³⁸,
2927 4580 3051 4621 eum
3077 4563 3420 4638 principibus
3462 4563 3624 4635 regni
3663 4560 3778 4618 fru-

2179 4666 2294 4714 stra
2323 4659 2608 4715 laboravit.
2639 4657 2778 4714 Nam
2821 4667 2875 4714 et
2913 4656 3160 4713 fautores
3187 4654 3429 4711 l-Icinrici
3467 4669 3584 4710 non
3621 4653 3782 4711 facile

2178 4751 2300 4823 ejus
2346 4745 2690 4823 persuasioni
2746 4750 3132 4818 crediderunt;
3161 4745 3430 4804 Catholici
3463 4756 3650 4803 autem
3680 4761 3773 4802 cx—

2180 4845 2736 4902 commuuicatiouem
2757 4853 2813 4900 et
2829 4843 3131 4914 periurium
3153 4842 3435 4897 incurrere
3448 4839 3773 4904 timuerunt,

2181 4937 2228 4992 si
2269 4937 2576 5010 reciperent
2605 4936 2944 5002 IIeinricum,
2975 4951 3138 4992 quem
3185 4935 3289 4991 sub
3323 4933 3774 4990 excommunica-

1771 5041 2007 5100 VARUE
2045 5047 2474 5108 LECTIONES..

560 5184 868 5266 attingo}...
935 5185 1008 5266 σιξ
1040 5183 1452 5266 saliihurgensis
1476 5199 1614 5240 corr.
1637 5183 2079 5258 salcburgensisi

2202 5187 2271 5218 ωι
2293 5187 2458 5241 decu.
2493 5189 2548 5242 2.
2631 5189 2701 5222 ou
2724 5187 2932 5246 θεηυιε
2962 5187 3013 5242 1,
3093 5186 3162 5220 ⁸³³
3195 5183 3386 5240 addita
3406 5185 3592 5243 eadem
3614 5206 3767 5249 aut!

493 5256 544 5311 ι.
614 5253 684 5288 ιιι
713 5253 958 5328 ἑιιίιίὺιιε
986 5254 1040 5311 I.
1117 5254 1186 5288 σε·
1223 5253 1326 5310 ita.
1353 5255 1413 5311 1.⁴

1995 5317 2226 5364 NOTAE.
