3996 5474
542 355 679 411 1427

1526 354 1619 408 ΑΙ)
1649 352 1879 410 OPERA
1917 354 1976 410 S.
2010 353 2339 410 GREGORH
2374 354 2822 413 APPENDICES.

3675 354 3814 415 ηει

535 469 666 529 bere
689 485 800 526 non
828 478 1147 538 timuerunt,
1173 484 1298 541 qum
1322 470 1627 524 naturalem
1667 470 1913 525 habitum
1951 470 2008 524 in
2038 470 2120 525 vi-
2147 471 2193 527 Α
2218 468 2467 537 lebravit,
2493 471 2696 541 quippe
2728 479 2843 527 tota
2867 471 3004 527 urbe
3037 470 3282 528 Romana
3314 484 3454 543 pene
3478 471 3586 528 sibi
3614 472 3813 543 subju-

536 564 694 621 rilem
752 562 957 619 nefarie
1005 571 1387 629 mutaverunt,
1443 578 1570 617 cum
1612 562 1814 633 quibus
1862 560 2116 617 fornicati

535 666 693 722 sunt;
722 656 777 710 in
804 669 914 727 quo
934 654 1107 711 Deum
1137 655 1483 723 mirabiliter,
1506 654 1648 711 sicut
1667 664 1722 711 et
1747 654 2116 712 lsraheliticus

532 749 770 819 populus
797 747 1093 818 quondam,
1142 746 1503 804 oﬂ'enderunt.
1544 745 1698 803 Unde
1746 756 1873 818 post
1913 749 2117 804 multos

533 839 767 905 labores,
793 839 1035 909 pericula
1064 847 1121 894 et
1153 840 1620 913 mortesgtandem,
1651 856 1778 896 cum
1816 839 2114 914 Ungariam

532 945 641 984 non
688 931 1133 1001 permitterentur
1179 932 1406 1000 intrare,
1438 933 1662 989 domum
1692 933 1762 966 ⁸⁸⁵
1782 933 1961 990 inacte
1988 948 2113 990 cum

531 1020 599 1054 ⁸⁸⁸
631 1037 829 1095 magna
858 1023 926 1056 ⁸⁸⁵
965 1024 1195 1080 tristicia
1225 1024 1294 1059 ⁸⁸⁸
1329 1034 1590 1096 cepeth
1620 1025 1690 1058 “’
1726 1027 1985 1096 repedare
2018 1025 2109 1081 “'.

528 1112 814 1185 Philippus
850 1132 946 1172 rex
980 1115 1279 1173 Galliarum
1302 1161 1316 1186 ,
1345 1118 1667 1189 jamdudum
1720 1134 1819 1189 pro
1843 1119 2112 1175 adulterio

527 1206 1056 1275 excommunicatus,
1084 1207 1303 1263 tandem
1332 1209 1533 1264 domno
1569 1224 1742 1280 papae,
1772 1210 1903 1265 dum
1934 1210 2111 1267 adhuc

527 1293 586 1348 in
621 1293 813 1353 Galliis
836 1308 1165 1367 moraretur,
1199 1300 1335 1357 satis
1361 1300 1641 1356 humiliter
1669 1302 1737 1356 ad
1778 1301 2112 1359 satisfactio-

528 1402 654 1442 nem
666 1389 923 1458 venit,et,
940 1391 1192 1462 abjurata
1219 1393 1484 1461 adultera,
1515 1394 1569 1448 in
1596 1394 1825 1466 gratiam
1859 1405 2111 1466 receptus

523 1487 629 1547 est,
679 1496 848 1552 seque
883 1481 945 1536 in
981 1484 1274 1541 servicium
1315 1486 1517 1541 domno
1551 1501 1706 1557 papae
1752 1486 1888 1543 satis
1923 1503 2110 1558 prom-

522 1579 681 1640 ptum
710 1573 974 1631 exhibuit.
1013 1575 1258 1633 Domnus
1288 1593 1448 1648 papa,
1469 1578 1607 1633 bene
1632 1578 1914 1649 dispositis
1944 1581 2108 1637 rebus

523 1664 589 1717 in
616 1664 811 1734 Gallia,
843 1684 895 1738 p.
917 1677 967 1723 st
1011 1670 1516 1729 reconciliationem.
1548 1671 1692 1741 regis
1727 1670 2026 1728 Galliarum
2052 1682 2108 1729 et

522 1765 650 1824 post
662 1759 833 1813 multa
853 1760 1084 1816 concilia
1107 1761 1324 1818 tandem
1339 1762 1395 1817 in
1418 1762 1855 1835 Longobardiam
1887 1766 1957 1799 ⁸⁸⁸
1976 1782 2102 1823 cum

2218 570 2364 631 gata,
2392 571 2589 631 praeter
2616 563 2811 618 turrim
2835 562 3159 634 Crescentii,
3193 565 3257 619 in
3274 580 3381 635 qua
3417 565 3599 620 adhuc
3629 566 3815 620 latita-

2187 650 2350 707 .bant
2380 650 2690 709 Wibertini.
2722 653 2866 710 Αιῑο
2892 655 3147 710 marehio
3172 656 3240 711 de
3261 654 3672 727 Longobardia,
3704 671 3811 727 pa-

2184 750 2299 797 .ter
2346 742 2608 801 Welfonis
2655 746 2810 801 ducis
2852 746 2920 801 de
2953 748 3022 779 ⁸⁸⁸
3073 747 3410 818 Bajovvaria,
3454 751 3571 820 jam
3629 753 3812 819 major

2215 835 2551 902 centenario,
2579 844 2641 891 ut
2663 836 2838 903 aiunt,
2874 837 3018 892 viam
3044 839 3314 894 universae
3358 849 3523 896 terra:
3545 841 3806 912 arripuit,

2214 937 2580 995 magnamque
2601 940 2834 981 werram
2858 928 2976 982 suis
3007 926 3132 984 filiis
3163 929 3231 984 de
3260 930 3426 985 rebus
3455 930 3573 987 suis
3600 932 3803 986 dereli-

2214 1015 2352 1085 quit.
2389 1013 2527 1071 Nam
2554 1015 2731 1073 Welfo
2760 1019 2870 1073 dux
2892 1020 3076 1075 omnia
3107 1021 3282 1091 patris
3303 1021 3389 1077 sui
3411 1023 3579 1090 bona,
3615 1032 3810 1094 utpote

2213 1114 2377 1163 matri
2410 1123 2524 1164 suae
2552 1108 2775 1177 donata,
2814 1111 3061 1166 obtinere
3082 1112 3282 1180 voluit;
3311 1122 3394 1169 set
3435 1112 3641 1170 fratres
3661 1116 3807 1185 ejus,

2211 1195 2278 1251 de
2305 1197 2411 1252 alia
2440 1206 2615 1251 matre
2636 1199 2929 1269 procreati,
2967 1201 3267 1257 noluerunt
3296 1217 3357 1258 se
3389 1204 3614 1273 penitus
3639 1205 3808 1261 exhe-

2211 1287 2423 1356 redari;
2461 1289 2604 1344 unde
2638 1298 2693 1345 et
2721 1291 2931 1348 aditum
2968 1293 3025 1347 ei
3043 1293 3099 1347 in
3135 1292 3578 1365 Longobardiam
3608 1296 3805 1366 prohi-

2182 1381 2468 1451 buerunt,
2492 1398 2618 1438 cum
2649 1382 2752 1438 iret
2781 1385 2848 1440 ad
2878 1385 3287 1456 possidendum.
3334 1386 3549 1445 Domna
3583 1388 3807 1443 Mauri!-

2209 1470 2300 1526 dis
2343 1474 2561 1543 egregia
2604 1474 2673 1507 ⁶⁸²
2703 1475 2815 1530 dux
2866 1486 2921 1531 et
2965 1477 3385 1547 marchionissa,
3445 1479 3802 1535 devotissima

2207 1565 2384 1620 sancti
2411 1563 2556 1620 Petri
2586 1566 2717 1633 lilia,
2745 1582 3002 1639 magnum
3035 1568 3141 1624 sibi
3164 1583 3365 1623 nomen
3391 1569 3602 1640 ubique
3638 1586 3708 1626 eo
3736 1572 3803 1605 (⁸³

2183 1661 2451 1724 tempore
2483 1656 2554 1688 ⁸⁸³
2576 1656 2886 1727 acquisivit.
2917 1656 3053 1713 Nam
3085 1659 3200 1728 ipsa
3222 1674 3363 1728 pene
3394 1659 3513 1714 sola
3539 1675 3669 1714 cum
3689 1662 3804 1717 suis

2206 1752 2396 1805 contra
2448 1744 2763 1803 Heinricum
2811 1756 2867 1803 et
2920 1749 3325 1804 heresiarcham
3369 1750 3443 1782 '”
3490 1748 3802 1806 Wibertum

524 1862 722 1920 magno
748 1850 1025 1922 triumpho
1045 1864 1098 1909 et
1120 1853 1296 1926 gloria
1318 1855 1614 1925 repedavit,
1637 1865 1692 1912 et
1705 1856 2098 1915 Exaltationem

2205 1838 2621 1910 eomplieesque.
2658 1855 2852 1899 eorum
2892 1841 3008 1911 jam
3042 1841 3326 1911 septennio
3373 1842 3803 1912 prudentissime

524 1950 730 1997 sanctae.
750 1944 932 2000 crucis
957 1946 1100 2015 apud
1124 1945 1441 2004 Hortarium
1468 1951 1487 2021 (
1494 1949 1652 2022 1447)
1692 1967 1859 2022 prope
1879 1952 2103 2023 Papiam

521 2033 857 2090 sollemniter
883 2037 1195 2105 celebravit,
1229 2040 1540 2112 multosque
1573 2043 1861 2115 episcopos
1882 2046 2105 2116 etpriu-

518 2124 734 2194 cipcsin
750 2141 851 2183 suo
871 2130 1358 2203 comitatulhahuit.
1377 2132 1677 2207 Sigifredus
1700 2136 1803 2207 piae
1825 2140 2103 2196 memoriae

524 2215 910 2277 Scal'husensis
946 2223 1135 2291 abbas,
1163 2225 1247 2281 vir
1273 2226 1341 2259 W’
1367 2242 1578 2299 magum
1604 2230 1906 2300 prudentiae
1926 2240 1980 2287 et
2005 2234 2102 2287 ad-

519 2311 787 2367 mirabilis
834 2314 1239 2385 benevolentite,
1277 2319 1312 2375 5
1350 2318 1468 2376 Kal.
1527 2319 1849 2379 Novembris
1885 2324 1952 2379 ad
1995 2323 2100 2381 Do-

519 2402 632 2455 min
642 2418 731 2458 um
753 2405 1025 2477 migravit,
1055 2411 1422 2483 omnibusque
1445 2413 1514 2446 “°
1539 2414 1790 2471 fidelibus
1806 2424 1917 2471 tam
1943 2416 2099 2473 laicis

520 2512 688 2567 quam
716 2499 1093 2569 spiritualibus
1140 2519 1399 2577 magnum
1459 2521 1729 2563 merorem
1766 2507 1823 2563 in
1860 2524 1959 2565 sua
1981 2509 2098 2566 dis-

516 2591 768 2649 cessione
799 2595 1047 2667 reliquit;
1093 2598 1182 2653 cui
1208 2598 1533 2655 venerabilis
1566 2598 1881 2657 Gerhardus
1914 2602 1973 2657 in
2007 2618 2097 2658 or-

515 2683 641 2741 dine
666 2689 933 2744 successit
950 2689 1005 2745 in
1034 2690 1068 2744 4
1092 2688 1233 2747 Non.
1256 2688 1578 2748 Novembris
1600 2691 1689 2747 “'.
1713 2689 2097 2754 Werinharius

513 2792 699 2835 comes
731 2780 914 2851 (1448)
971 2782 1109 2837 obiit
1146 2783 1181 2837 5
1234 2781 1361 2840 ldus
1400 2782 1745 2841 Novembris.
1781 2783 2097 2845 Luitfredus

514 2878 718 2926 sancta:
764 2873 1157 2931 recordationis
1206 2875 1378 2931 abbas
1432 2876 1500 2933 de
1542 2877 1881 2933 monasterio
1918 2880 2096 2937 sancti

512 2959 753 3032 Martini,
790 2964 905 3035 jam
931 2965 999 3001 ‘”
1033 2981 1172 3037 pene
1199 2967 1425 3040 triginta
1458 2968 1619 3025 annis
1641 2970 1848 3026 mundo
1876 2973 2094 3029 cruciﬁ-

511 3066 616 3108 xus
637 3060 691 3108 et
723 3054 827 3110 soli
855 3054 968 3111 Deo
1001 3057 1179 3125 vivus,
1214 3057 1273 3113 in
1315 3067 1594 3115 senectute
1629 3058 1797 3128 bona,
1843 3062 2095 3119 videlicet

510 3144 709 3213 plenus
743 3146 958 3203 dierum
997 3147 1094 3225 ωε
1130 3148 1274 3206 diem
1303 3148 1504 3214 clausit
1540 3159 1845 3213 extremum
1887 3154 1932 3215 2
1968 3153 2089 3219 Kal.

511 3234 777 3294 Januarii.

582 3350 700 3408 Hoc
724 3353 799 3429 ξπ
817 3371 963 3412 anno
995 3356 1050 3429 in
1085 3359 1413 3429 quibusdam
1444 3359 1757 3417 civitatibus
1792 3359 1949 3417 Judei
1976 3378 2094 3419 ma-

508 3438 616 3503 gna
645 3425 787 3503 wde
798 3428 1051 3503 trucidati
1076 3425 1205 3485 sunt
1228 3431 1297 3503 ab
1316 3430 1406 3503 his
1430 3431 1524 3501 qui
1552 3430 1969 3503 liierosolimam
1998 3448 2094 3503 pe—

508 3495 740 3573 tierunt;
773 3495 847 3573 ita
875 3498 1023 3573 dico,
1061 3509 1123 3554 ut
1144 3501 1295 3573 apud
1311 3495 1527 3571 spiram
1558 3501 1913 3573 fugientesin
1943 3495 2095 3573 pala-

510 3564 656 3642 cium
687 3566 831 3635 regis
858 3564 1199 3642 et_episcopi',
1226 3564 1391 3642 etiam
1430 3564 1785 3642 repugnando
1804 3572 1893 3628 vix
1919 3564 1979 3628 se
1998 3574 2093 3630 de-

508 3632 811 3709 liinderen—t,
835 3632 1027 3692 eodem
1074 3632 1331 3709 episcopo
1357 3632 1605 3697 Joha'nnc
1629 3642 1735 3698 illis
1771 3643 2088 3700 auxiliante.

509 3701 621 3783 Qui
637 3701 803 3760 etiam
848 3717 1036 3783 postea
1063 3701 1135 3764 ob
1162 3701 1276 3766 hoc'
1296 3711 1377 3766 ira
1410 3720 1741 3783 commotus,
1778 3720 1832 3783 et
1859 3715 2092 3783 pecunia

508 3772 809 3848 indeorum
848 3772 1173 3837 conductus
1194 3823 1210 3848 ,
1264 3781 1534 3848 quosdam
1598 3772 1738 3838 fecit
1776 3772 2092 3840 obtruncari

507 3842 878 3925 Christianos.
920 3848 1085 3925 ltem_
1097 3842 1247 3925 apud
1280 3842 1653 3925 Wormaciam
1703 3852 1862 3912 Judei
1906 3869 2092 3925 perse-

508 3923 738 3986 quentes
768 3916 1026 4001 fugiendo
1046 3916 1434 4007 Christianos.
1453 3925 1519 3979 ad
1547 3924 1876 4014 episcopum.
1893 3916 2091 4051 ἐξορθ-

508 3985 723 4042 rahant.
751 3987 856 4051 Qui
877 4006 1001 4046 cum
1031 4009 1142 4049 non
1180 3994 1336 4049 aliter
1360 3994 1467 4051 ιΙΙιε
1491 3995 1745 4051 salutem.
1773 4011 1879 4050 ms:
1944 3996 2087 4051 anti-

507 3985 723 4042 rabant.
751 3985 1001 4066 Quicum
1031 4009 1142 4049 non
1180 3992 1336 4066 aliter
1360 3985 1467 4052 illis
1491 3985 1752 4066 salutem,
1773 3994 1879 4050 nisi
1895 3985 2087 4066 bapti-

506 4066 781 4138 gerentur,
796 4062 1156 4138 promitteret,
1178 4063 1439 4138 inducias
1448 4065 1707 4138 colloquii
1733 4062 2083 4138 rogaverunt.

504 4123 573 4206 [Et
592 4123 781 4188 eadem
798 4123 945 4187 'hora
967 4123 1206 4206 episcopi
1227 4123 1541 4191 cubiculum
1569 4123 1857 4203 intrantes,
1883 4123 2088 4197 nostris

502 4193 656 4281 foras
682 4193 1095 4281 expect-antibus
1123 4193 1255 4277 q'uid
1286 4193 1856 4281 responsuriessent,
1869 4193 2088 4281 diabolo

502 4274 563 4354 et
586 4272 816 4354 propria.
848 4272 1057 4331 duricia
1105 4272 1484 4346 persuadente,
1518 4292 1579 4333 se
1614 4277 1763 4354 ipsos
1796 4272 2084 4339 interfece-

502 4346 653 4393 runt.

1159 4424 1420 4481 MXCVII.

572 4508 821 4568 Domnus
845 4530 981 4585 papa
1018 4517 1234 4573 tandem
1269 4518 1336 4574 ad
1358 4518 1715 4589 apostolicam
1748 4519 1932 4575 sedem
1958 4536 2084 4577 eum

501 4612 700 4670 magna
745 4602 995 4673 gloriaet
1022 4606 1262 4675 tripudio
1287 4623 1562 4675 reversus,
1597 4607 1934 4663 nativitatem
1976 4608 2084 4665 Do-

502 4686 635 4742 mini
671 4688 859 4750 Romae
888 4710 1013 4749 cum
1048 4696 1165 4751 suis
1184 4698 1551 4754 cardinalibus
1571 4697 1965 4769 gloriosissime
1985 4716 2077 4758 ce-.

2206 1930 2491 1999 pugnavit,
2523 1931 2850 2002 tandemque
2877 1930 3194 1988 Heinricum
3226 1932 3298 1965 ‘"
3320 1933 3390 1988 de
3413 1932 3801 2004 Longobardia

2204 2020 2338 2083 satis
2359 2020 2589 2077 viriliter
2611 2019 2841 2092 fugavit;
2869 2030 2924 2077 et
2938 2022 3056 2092 ipsa
3083 2022 3177 2091 “‘,
3194 2024 3539 2094 recuperatis
3571 2025 3803 2079 suisbo»

2202 2111 2312 2177 nis,
2336 2111 2449 2167 Deo
2468 2117 2525 2168 et
2546 2121 2738 2176 sancto
2760 2111 2922 2168 Petro
2949 2114 3153 2184 gratias
3194 2113 3399 2170 referre
3421 2130 3535 2170 non
3572 2115 3797 2170 destitit.

2202 2201 2492 2267 lleiuricus
2532 2218 2660 2258 vero
2681 2219 2807 2267 cum
2829 2204 3031 2274 paucis,
3054 2203 3414 2276 Ratisponam
3441 2204 3500 2259 in
3530 2203 3800 2261 Penteco-

2201 2303 2323 2350 sten
2343 2294 2562 2354 devenit
2593 2294 2730 2365 (Mai
2773 2295 2888 2365 24),
2930 2305 2983 2351 et
3027 2296 3228 2351 ibidem
3266 2304 3439 2352 totam
3467 2304 3722 2352 aestatem
3746 2306 3801 2352 ct

2200 2386 2347 2442 circa
2374 2396 2617 2445 castrum
2645 2386 3055 2449 Nurinberc‘"
3105 2389 3242 2444 satis
3276 2388 3489 2459 private
3523 2399 3797 2455 moratus,

2200 2476 2417 2541 tandem
2448 2476 2734 2537 Nemetum
2762 2478 3037 2548 migravit,
3076 2478 3271 2538 itidem
3304 2479 3383 2537 ibi
3407 2479 3549 2537 satis
3590 2481 3801 2549 private

2196 2566 2290 2625 diu
2312 2578 2633 2628 moraturus
2649 2570 2738 2624 ⁸⁵⁸.
2769 2568 2993 2625 Interim
3014 2570 3125 2626 dux
3147 2569 3325 2626 Welfo
3352 2568 3630 2642 Bajoariae
3656 2570 3797 2627 ιιοοι-

2198 2657 2514 2727 gobardiam
2540 2658 2820 2731 profectus
2844 2668 2935 2719 est
2979 2660 3047 2716 ad
3088 2662 3476 2732 possidendam
3515 2663 3793 2721 heredita-

2197 2759 2305 2805 tem
2332 2752 2504 2821 patris
2531 2753 2617 2809 sui
2658 2752 2895 2811 Azzonis
2931 2754 3301 2823 marchionis,
3343 2755 3439 2826 qui
3485 2771 3670 2826 nuper
3702 2756 3795 2812 de—

2197 2837 2418 2897 functus
2479 2851 2593 2911 est;
2634 2853 2718 2900 set
2758 2843 2855 2904 lilii
2900 2844 3145 2915 ejusdem
3194 2844 3535 2901 marchiouis
3578 2846 3651 2902 de
3690 2847 3791 2909 alia

2197 2933 2429 3006 conjuge
2456 2934 2639 3007 (1449)
2675 2936 2936 3007 praedicto
2960 2936 3097 3001 duci.
3118 2937 3250 2993 totis
3281 2937 3495 2998 viribus
3517 2937 3789 3001 restitere.

2198 3018 2352 3076 Unde
2406 3022 2550 3078 idem
2581 3024 2693 3081 dux
2735 3024 3075 3096 adjutorium
3120 3025 3371 3090 Heinrici
3390 3026 3569 3083 ducis.
3583 3027 3786 3084 Cares.

2195 3111 2308 3167 tani
2337 3120 2392 3167 et
2415 3113 2603 3170 fratris
2649 3115 2770 3188 ejus
2812 3117 3181 3189 Aquileiensis
3207 3120 3539 3190 patriarchae
3563 3131 3788 3178 eoacms

2088 3204 2163 3275 ‘c
2196 3204 2486 3273 asciscere,
2518 3204 2716 3262 fratres
2741 3221 2874 3263 suos
2905 3208 3175 3264 hostiliter
3200 3209 3431 3277 invasit;
3470 3209 3667 3282 sicque
3690 3212 3785 3267 hev

2196 3293 2482 3356 rcditatem
2511 3305 2684 3367 patris
2710 3298 2777 3353 de
2801 3299 3057 3356 manibus
3081 3315 3274 3356 eorum
3304 3315 3373 3356 ex
3401 3317 3605 3373 magna
3639 3313 3789 3373 parte

2195 3385 2301 3442 sibi
2320 3386 2623 3445 vendicavit
2652 3388 2720 3421 ⁶⁹⁹
2752 3389 2959 3462 (1450).
2990 3389 3317 3449 Oudalricus
3359 3408 3553 3451 comes
3599 3396 3785 3468 (1451)

2194 3479 2649 3550 praeclarissimas
2695 3481 2795 3550 °‘°~,
2848 3482 2905 3539 in
2955 3500 3125 3542 causa
3174 3485 3352 3542 sancti
3397 3485 3550 3542 Petri
3596 3497 3786 3545 contra

2195 3573 2577 3630 schismaticos
2609 3586 2981 3648 propugnator
3010 3577 3472 3647 ferventissimus,
3504 3582 3659 3639 heu!
3701 3599 3788 3639 sa.

2192 3666 2264 3722 tis
2306 3667 2601 3724 immatura
2627 3678 2827 3738 morte,
2873 3680 2956 3727 set
2984 3688 3110 3729 cum
3158 3674 3304 3729 bona
3337 3673 3695 3733 confessione
3718 3678 3785 3710 “‘

2190 3756 2336 3811 diem
2384 3758 2582 3814 clausit
2608 3770 2938 3829 extremum,
2989 3772 3045 3819 et
3086 3765 3231 3835 apud
3270 3764 3649 3837 Brigantiam,
3696 3768 3784 3823 ubi

2191 3846 2307 3916 ipse
2332 3848 2693 3905 monasticam
2715 3850 2883 3908 vitam
2912 3852 3167 3922 instituit,
3190 3853 3491 3913 honoriﬁce
3522 3857 3788 3918 sepelitur

2178 3936 2222 3994 ’6
2251 3938 2375 4001 Kal.
2401 3941 2468 3973 ⁸⁸³
2492 3939 2817 4000 Novembris
2842 3946 2937 4005 m.

2831 4056 3115 4113 MXCVll}.

2259 4165 2505 4225 Domnus
2541 4185 2680 4240 papa
2709 4168 2898 4225 Roma:
2919 4170 3259 4226 nativitatem
3290 4169 3522 4227 Domini
3537 4173 3784 4230 celebra-

2170 4255 2282 4322 ~vit,
2320 4257 2725 4329 maximamque
2748 4274 2938 4330 pacem
2972 4260 3029 4314 in
3059 4260 3177 4330 ipsa
3209 4259 3345 4315 urbe
3367 4261 3493 4316 etin
3521 4262 3784 4334 ejusﬁni-

2182 4347 2289 4403 bus
2318 4349 2632 4406 firmissime
2663 4352 2991 4421 composuit,
3018 4351 3331 4423 ibidemque
3359 4354 3645 4422 pascalem
3674 4358 3782 4411 sol-

2183 4439 2525 4497 lemnitatem
2556 4441 2744 4513 (Mart.
2775 4443 2869 4514 28)
2896 4458 3021 4499 cum
3045 4459 3244 4515 magna
3279 4444 3453 4515 gloria
3482 4446 3674 4502 itidem
3695 4462 3789 4502 ee-.

2118 4568 2163 4623 Β
2189 4531 2435 4587 lebravit.
2471 4531 2576 4588 Sed
2597 4534 2813 4589 emulus
2843 4535 2964 4605 ejus
2978 4534 3272 4591 Guibertus
3297 4536 3351 4590 in
3383 4537 3642 4606 partibus
3672 4538 3781 4593 Ra-

2189 4638 2380 4681 vennae
2408 4640 2475 4680 eo
2503 4633 2748 4696 tempore
2769 4626 3101 4694 demoratus,
3120 4627 3394 4697 quandam
3412 4630 3777 4685 munitionem

2185 4714 2442 4782 perdidit,
2470 4715 2526 4769 in
2564 4730 2671 4785 qua
2717 4715 2846 4786 ipse
2876 4732 3029 4788 spem
3081 4730 3239 4773 suam
3287 4718 3531 4774 maxime
3565 4719 3778 4808 habuit‘

1788 4811 2024 4873 VARle
2062 4819 2467 4883 LECTIONES.

569 4896 641 4993 ’λς
675 4900 897 4993 demum
929 4907 1283 4993 οοννλεαιίςξη
1313 4925 1473 4993 manu
1511 4909 1735 4962 domum
1868 4904 2089 4993 de‘mum
2113 4916 2168 4993 ξε
2244 4919 2313 4951 ⁸⁸⁸
2350 4919 2406 4977 in
2430 4919 2546 4993 loco
2588 4921 2793 4993 raso}.
2870 4921 2939 4953 ⁸⁸⁸
2974 4921 3346 4993 logobardiam
3378 4923 3429 4976 Ι.
3508 4924 3582 4955 “'
3617 4940 3669 4978 τ’.
3699 4939 3772 4979 m.

497 4982 552 5068 Ρ.
589 4975 645 5021 et
668 4985 720 5023 a.
754 4972 807 5025 b.
839 4978 1026 5027 desunt
1054 4975 1108 5030 2.
1187 4976 1255 5008 ⁸⁸⁸
1294 4980 1740 5049 omnibusquc—
1763 4978 1907 5049 Non;
1926 4974 2246 5043 Novembris
2267 4972 2537 5043 degenti.
2612 4972 2696 5022 “'7
2709 4972 2823 5060 jam
2858 4972 3477 5062 usqaiéﬁiiéﬁhi'ﬁ'ﬁmm
3502 4993 3691 5047 desunt
3717 4994 3769 5048 2.

521 5037 568 5069 ⁸ο
604 5035 721 5090 Hoc
739 5070 810 5081 —--
830 5041 1217 5090 inter-ferarum
1240 5047 1296 5090 in
1318 5050 1552 5090 nmrm'm
1580 5050 1768 5090 ιηΜὶιη
1799 5060 2062 5090 ιΩΐῖΙΗπς-ιι
2079 5059 2260 5090 «nulla
2291 5058 2515 5090 r--.;.....-
2543 5075 2697 5090 ...ηηκ
2728 5060 2971 5090 ομηηιλε
2991 5079 3003 5090 .
3034 5064 3123 5090 ....:
3155 5072 3200 5090 ,ι
3231 5060 3647 5090 u:..........u:-....--..
3673 5081 3769 5090 ..--

592 5044 810 5122 _liec_—
830 5044 1768 5122 interfeceruntiumgrgine'addita
1795 5045 2063 5119 scriptura
2077 5059 2262 5122 paullo
2289 5058 2515 5122 longiori
2540 5044 3009 5122 quam'Berrwldi;
3031 5044 3774 5122 q‘n'éiinéi-béanaiiéi‘aéi
