3996 5474
216 267 350 324 H29

1093 283 1384 349 APPEND.
1422 289 1509 347 HI.
1546 323 1622 334 —
1652 249 2086 381 nonnum“
2125 301 2591 365 CREGORIANA.

3339 304 3474 387 me

208 382 457 440 videlicet
483 389 771 447 castellum
801 396 1023 453 nomine
1062 398 1363 473 Argentum
1399 408 1608 480 (1452),
1645 412 1793 482 quod
1823 417 1866 473 Α
1895 413 2002 471 Sed
2034 417 2674 495 Conslantinopolitanus
2700 442 2795 485 rex
2822 429 2952 489 huic
2979 407 3325 507 dispositioni
3367 442 3472 498 im-

210 472 356 507 Dcnln
391 476 637 507 ἕνη-...ξηηι
709 493 757 507 ,ι
815 503 987 507 __-,_,,
1182 494 1222 507 π..
1278 497 1292 507 .

208 472 356 531 Pado
390 476 659 551 imminet,
705 493 760 541 et
807 503 999 547 omnes
1039 472 1787 563 pcriPadum‘transcu-ntes

206 565 529 641 distringere
554 583 753 643 potest.
780 580 1095 642 Gerllardus
1132 586 1203 619 ⁸⁸³
1236 594 1567 652 venerabilis
1616 597 1785 657 abbas

206 657 607 732 Seaphusensis
645 668 716 722 ω
748 686 849 740 pro
894 673 1201 735 humilitate
1236 680 1418 739 locum
1455 703 1639 756 suum,
1686 706 1785 746 an-

202 764 402 810 nuente
425 756 627 815 domno
663 776 823 833 papa,
853 765 1077 836 dimisit,
1109 780 1164 826 et
1206 774 1276 829 ab
1310 775 1429 846 ipso
1468 783 1783 839 conccssio-
1826 825 1830 828 -

199 858 347 911 nem,
375 854 437 900 ut
471 848 613 906 alius
630 851 808 908 eidem
839 855 960 913 loco
986 861 1157 918 abbas
1188 866 1576 938 prrefieerctur,
1605 871 1781 943 impe—

198 936 382 991 travit.
446 936 550 994 Sed
611 958 810 1015 magna
850 949 1135 1009 calamitas
1165 954 1317 1011 illum
1345 959 1528 1016 locum
1564 936 1783 1033 pastore

193 1023 513 1085 destitutum
546 1033 733 1090 statim
766 1039 1057 1099 subsecuta
1095 1054 1214 1113 est,
1244 1048 1319 1104 ita
1341 1060 1402 1107 ut
1428 1067 1493 1107 ex
1517 1023 1781 1114 fratribus

193 1117 350 1173 multi
385 1120 540 1178 illum
567 1125 901 1199 desererent,
931 1142 987 1189 et
1022 1139 1301 1198 seculares
1328 1143 1470 1201 bona
1496 1146 1600 1204 loci
1630 1149 1780 1207 illius

186 1681 408 1743 propter
446 1681 702 1735 monachi
729 1699 857 1740 cum
887 1691 1144 1749 crucibus
1181 1706 1236 1751 et
1266 1699 1513 1772 reliquiis
1544 1714 1600 1760 et
1637 1707 1772 1764 leta-

1888 508 2199 576 pedimento
2239 515 2359 583 luit,
2387 517 2481 588 qni
2513 534 2572 575 se
2598 522 2929 580 omnimodis
2955 540 2986 579 a
3028 536 3345 587 nostrorum
3374 531 3471 589 ad-

1882 598 2093 669 jutorio
2120 605 2410 663 subtraxit.
2447 608 2583 667 Nam
2612 614 2859 674 civitates
2885 617 3006 674 illas
3032 634 3170 691 quas
3200 624 3375 681 nostri
3402 626 3469 683 de

1886 692 2142 751 manibus
2167 712 2505 770 paganorum
2538 705 2880 776 eripuerunt,
2914 709 3004 766 ille
3029 712 3248 782 penitus
3272 713 3465 772 incen-

1884 784 1977 841 dio
2004 786 2292 847 devastare
2319 794 2402 849 vel
2459 797 2686 868 paganis
2725 800 2949 857 reddere
2996 818 3105 858 non
3147 806 3329 863 timuit
3370 808 3463 875 °’°,

1884 877 2097 963 iterque
2117 879 2618 944 Jerosolimitanum
2641 905 2739 961 per
2758 908 2914 949 suam
2945 904 3263 966 potestatem
3286 900 3466 956 omni-

1882 954 1987 1025 bus
2009 976 2313 1046 peregrinis
2348 980 2574 1036 omnino
2602 954 2671 1015 "-l
2706 954 3004 1055 prohibuit.
3050 986 3164 1045 Hoc
3201 1005 3346 1046 anno

1882 1072 2029 1119 ctum
2055 1075 2141 1120 est
2166 1066 2413 1126 mirabile
2442 1071 2656 1144 signum
2702 1074 2757 1129 in
2799 1076 2916 1133 celo
2944 1079 2977 1134 5
3029 1077 3147 1133 Kal.
3190 1079 3479 1149 Octobris,‘

1880 1163 1941 1209 ut
1967 1164 2076 1211 tota
2098 1173 2234 1228 pene
2263 1159 2352 1216 illa
2395 1174 2552 1219 nocte
2594 1181 2790 1239 magna
2848 1183 2976 1240 pars
3014 1169 3114 1226 celi
3163 1173 3462 1244 sanguinea

1880 1260 2202 1319 appareret;
2230 1267 2330 1310 nec
2365 1256 2532 1312 rubor
2571 1257 2660 1314 ille
2696 1259 2752 1315 in
2784 1275 2895 1315 uno
2934 1270 3144 1317 tantum
3182 1264 3304 1319 loco
3331 1279 3461 1337 per-

1878 1342 2101 1409 mansit,
2132 1353 2215 1399 sct
2247 1359 2439 1403 omnes
2474 1358 2657 1420 partes
2688 1351 2787 1407 celi
2819 1361 3014 1422 praeter
3036 1354 3316 1411 meridiem
3339 1370 3464 1427 per-

2538 1668 2778 1726 MXCIX.

187 1763 293 1821 niis
319 1768 638 1838 suppliciter
672 1776 739 1830 ad
787 1782 1016 1838 eandem
1072 1763 1433 1848 munitionem
1480 1810 1768 1868 processe-
1802 1778 1847 1838 Β
1949 1774 2198 1835 Domm's
2218 1793 2358 1850 Papa
2378 1779 2720 1837 “m'imcm
2744 1780 2963 1838 Domini
2986 1782 3175 1840 Roma
3198 1799 3324 1841 cum
3347 1800 3459 1841 ma‘

186 1863 311 1910 runt
331 1874 345 1925 ;
368 1867 467 1913 seti
490 1876 523 1915 a
564 1864 828 1924 militibus
858 1874 1075 1931 comitis
1106 1880 1305 1947 partim
1337 1863 1527 1953 occisi,
1569 1890 1767 1958 partim

187 1947 474 2019 vulnerati,
524 1962 613 2009 set
637 1972 829 2017 omnes
859 1965 1001 2021 male
1047 1974 1285 2041 tractati,
1328 1975 1552 2035 domum
1590 1983 1770 2041 redire

184 2038 266 2093 vel
319 2048 591 2112 reportari
625 2055 897 2123 compulsi
928 2069 1089 2129 sunt;
1141 2066 1346 2137 quippe
1401 2074 1660 2131 crucibus
1715 2086 1770 2133 et

184 2131 426 2203 reliquiis
463 2140 830 2206 particulatim
857 2148 1120 2223 disruptis
1228 2131 1326 2228 per
1346 2177 1599 2236 campum
1622 2167 1763 2224 heu!

184 2224 567 2288 miserabiliter
592 2234 893 2307 dissipatis.
935 2242 1073 2302 Hinc
1099 2248 1190 2304 ille
1228 2224 1421 2313 eomes
1461 2224 1571 2315 tam
1604 2262 1765 2319 cleri-

183 2317 259 2373 cis
287 2334 455 2390 quam
485 2324 641 2385 laieis
669 2332 903 2389 multum
951 2349 1071 2395 erat
1117 2342 1521 2409 abominabilis.
1573 2353 1667 2411 Set
1712 2368 1768 2414 et

182 2407 282 2481 ipsi
312 2420 571 2475 monachi
609 2423 819 2493 judicio
845 2427 941 2485 Dei
971 2432 1075 2489 hoe
1108 2442 1480 2506 promeruisse
1509 2461 1538 2500 a
1569 2463 1766 2518 quam-

180 2503 428 2573 plurimis
453 2510 862 2588 iudicabantur,
893 2537 961 2578 eo
999 2503 1145 2596 quod
1184 2530 1432 2590 abbatem
1459 2503 1622 2595 suum
1654 2554 1793 2598 non‘

178 2595 313 2653 bene
333 2607 711 2677 tractaverint,
758 2595 1051 2686 eumquea
1091 2636 1152 2677 se
1191 2624 1402 2698 absque
1432 2638 1762 2703 competenti

177 2690 385 2748 ratione
417 2711 530 2751 non
560 2707 670 2756 tam
706 2703 1014 2764 dimiserint
1061 2727 1228 2783 quam
1267 2722 1594 2791 expulerint.
1642 2725 1762 2784 Ma»

177 2785 437 2853 negoldus
469 2790 539 2823 ‘"
597 2797 923 2868 venerabilis
986 2809 1316 2875 praepositus
1366 2817 1758 2875 canonicorum

172 2877 313 2944 apud
334 2877 669 2943 Marcllbach
699 2889 1034 2964 degentium,
1063 2914 1095 2954 a
1120 2898 1376 2960 lleinrieo
1412 2924 1538 2980 rege
1567 2911 1661 2967 diu
1702 2914 1756 2969 ili

171 2969 419 3038 captione
450 2973 703 3036 detentus
727 2992 811 3037 est
840 2984 910 3017 '°‘
933 3028 948 3054 ,
979 3002 1046 3044 eo
1091 2994 1236 3062 quod
1265 2997 1756 3061 seismatieis-eou-

168 3065 250 3113 tra
300 3064 719 3127 ecclesiasticam
774 3080 1151 3139 auctoritatem
1199 3088 1422 3147 obedire
1474 3096 1779 3166 noluerit;

1873 1879 1979 1937 gna
2006 1880 2139 1937 pace
2159 1868 2483 1937 celebravit;
2515 1885 2643 1925 nam
2668 1879 2722 1926 et
2742 1872 3027 1929 castellum
3048 1872 3245 1931 Sancti
3268 1876 3459 1947 Angeli

1873 1972 1997 2013 cum
2020 1958 2144 2015 aliis
2170 1959 2569 2018 munitionibus
2617 1962 2673 2016 in
2731 1979 2831 2019 sua
2885 1972 3155 2036 potestate
3203 1967 3455 2033 detinuit,

1871 2053 2418 2121 omnesquc‘emulos
2450 2068 2582 2109 suos
2618 2055 2675 2110 in
2707 2055 2928 2112 civitate
2966 2071 3091 2112 cum
3115 2056 3210 2111 Dei
3240 2058 3460 2127 adjuto~

1869 2141 1956 2197 rio
1982 2143 2121 2200 satis
2144 2143 2379 2200 viriliter
2401 2153 2496 2201 aut
2522 2146 2765 2216 placavit
2797 2156 2893 2202 aut
2917 2148 2973 2202 vi
3005 2148 3317 2218 perdomuit
3352 2149 3453 2213 ‘7';

1869 2234 2131 2290 sinodum
2150 2251 2372 2308 quoque
2405 2253 2562 2293 suam
2597 2239 2652 2293 in
2685 2240 2854 2294 tercia
2880 2240 3183 2310 epdomada
3214 2237 3284 2274 ‘1"
3304 2282 3319 2307 ,
3347 2238 3458 2295 Ro.

1868 2340 1974 2381 mre
2001 2327 2382 2385 celebrandam
2407 2339 2532 2400 post
2559 2330 2786 2401 pascha,
2821 2331 3011 2387 missis
3045 2331 3218 2387 literis
3248 2346 3457 2402 nsque-

1868 2433 2087 2489 qnaque
2135 2420 2508 2476 denunciavit.
2554 2421 2768 2492 Rapoto
2818 2421 3099 2478 Palatinus
3157 2436 3344 2479 comes
3388 2423 3457 2478 de

1866 2507 2142 2582 Bajoaria,
2166 2513 2638 2583 pertinacissimus
2673 2512 2855 2569 fautor
2878 2513 3050 2569 immo
3072 2522 3236 2585 caput
3262 2528 3454 2569 eorum

1867 2602 1959 2671 qui
1984 2603 2299 2674 apostolica:
2324 2605 2440 2662 sedi
2462 2616 2517 2661 et
2544 2605 2827 2661 catholicae
2860 2605 3060 2660 unitati
3076 2606 3345 2660 hactenus
3364 2605 3457 2659 ad-
3484 2642 3493 2649 ρ

1864 2699 2066 2752 versati
2092 2707 2241 2766 sunt,
2264 2700 2407 2755 diem
2443 2701 2640 2757 clausit
2672 2711 2999 2757 extremum.
3040 2700 3172 2756 Item
3204 2700 3455 2756 Clienra-

1863 2792 1968 2848 dus
2026 2793 2393 2865 Trajectcnsis
2446 2810 2555 2851 non
2601 2797 2891 2867 episcopus
2947 2796 3041 2851 sed
3105 2796 3484 2852 scismaticus.

1863 2886 2096 2955 turpiter
2121 2887 2410 2958 aquotlam
2453 2889 2671 2945 occisus
2716 2886 2941 2953 interiit,
2995 2901 3156 2958 quem
3203 2887 3321 2957 ipse
3351 2888 3453 2942 dc-

1862 2977 2485 3051 praitlaripriccepit‘”.
2524 2978 2713 3035 Romae
2761 2979 2996 3059 domnus
3041 2976 3179 3049 p'apa
3222 2992 3452 3049 genera-

1861 3068 1966 3124 lem
1992 3069 2246 3127 sinodum
2279 3072 2463 3143 (MSS)
2490 3070 2606 3128 450
2633 3071 3017 3142 episcoporum
3067 3079 3122 3125 et
3165 3069 3446 3135 abbatum,

167 3151 310 3208 unde
332 3166 388 3210 ει
419 3166 537 3215 ιοω
559 3164 772 3222 ωειεείε
793 3168 842 3224 ci
885 3170 1044 3245 longe
1073 3176 1289 3250 lateque
1332 3151 1752 3246 condemned:
1783 3159 1827 3216 C
1857 3172 1914 3218 et
1950 3163 2277 3219 clericorum
2316 3164 2797 3220 innumerabilium
2842 3164 2898 3218 in
2935 3163 3104 3219 lcrcia
3146 3162 3447 3232 epdomada

163 3241 486 3346 ‘Gotefretus
512 3254 626 3310 (lux
652 3270 821 3329 nepos
866 3241 1050 3336 magni
1091 3241 1248 3326 ducis
1278 3272 1572 3346 Gotefrcdi,
1608 3241 1757 3338 ιὶοιιᾇ

162 3333 355 3397 bertus
376 3342 526 3400 filius
552 3345 851 3407 Baldowini
867 3333 1103 3427 comitis,
1120 3358 1502 3425 Bellemundus
1519 3333 1588 3404 ‘°"’
1611 3373 1757 3432 filius

162 3424 432 3489 Rouberti
460 3437 619 3497 ducis
658 3441 927 3505 Calabria;
967 3424 1132 3521 atque
1180 3454 1401 3526 Siciliae,
1447 3424 1757 3525 Rimlllldus

161 3532 348 3579 eomes
386 3526 459 3583 de
496 3527 700 3589 Sancto
739 3534 952 3608 Egidio,
984 3542 1112 3598 item
1149 3545 1276 3603 Otto
1309 3548 1757 3629 Strazburgcnsis

155 3611 460 3687 episcopus
486 3661 500 3687 ,
559 3632 615 3678 et
671 3642 856 3687 comes
927 3631 1299 3698 llartmanuus
1355 3644 1424 3700 de
1497 3611 1756 3707 Aleman-

155 3701 247 3758 nia
271 3706 492 3781 (1455),
536 3714 592 3769 lli
628 3716 859 3789 inquam
883 3738 1077 3785 omnes
1125 3739 1179 3786 ct
1223 3733 1313 3789 alii
1352 3751 1516 3806 quam
1548 3742 1755 3811 plures,

154 3807 282 3851 cum
310 3800 711 3864 innumerabili
751 3815 1098 3875 multitudine
1116 3823 1232 3893 jam
1265 3800 1470 3884 dudum
1495 3800 1759 3890 Je-rosoli;

153 3901 302 3945 mam
331 3895 562 3953 tendere
595 3914 877 3973 ceperunt,
902 3918 956 3962 et
986 3909 1150 3967 Nicea
1189 3902 1407 3975 civitate
1445 3932 1610 3992 atque
1637 3925 1755 3979 An-

155 3981 362 4039 tiochia
402 3988 639 4062 aliisque
663 3996 979 4057 civitatibus
1013 4003 1080 4061 de
1108 4016 1379 4076 potestate
1416 3981 1755 4086 paganorum

150 4077 385 4146 ereptis,
418 4090 479 4136 et
527 4087 799 4158 pmeipue
852 4095 1165 4162 patriarcha
1209 4077 1654 4164 Jerosolilnitano
1698 4110 1753 4166 ill

151 4165 340 4226 locum
368 4190 540 4232 suum
569 4181 841 4253 restituto,
872 4202 1048 4261 usque
1081 4207 1251 4265 prope
1279 4196 1349 4228 ⁸⁸⁸
1370 4197 1756 4261 Jerosolimam

152 4275 281 4318 cum
347 4269 548 4326 multis
593 4275 796 4343 puellis
844 4288 1008 4352 atque
1066 4285 1311 4344 victoriis
1366 4305 1752 4361 pervenerunt.

150 4349 312 4413 Unde
344 4360 591 4422 domnus
622 4383 761 4438 papa
783 4371 850 4427 ad
872 4349 1103 4432 eandem
1149 4349 1557 4441 multitudinem
1594 4403 1754 4445 suam

1860 3263 1982 3325 post
2007 3257 2210 3325 pascha
2255 3257 2407 3328 (Apr.
2441 3255 2533 3327 50)
2575 3255 2824 3327 collegit;
2871 3255 2924 3312 in
2959 3270 3067 3326 qua
3093 3253 3290 3310 sinodo
3318 3267 3451 3309 con-

1858 3343 2096 3402 firmatis
2123 3361 2354 3403 suorum
2390 3357 2800 3405 anteeessorum
2849 3347 3072 3403 statutis
3109 3346 3272 3402 etiam
3319 3360 3448 3402 seu-

1859 3435 2085 3490 tentiam
2133 3437 2500 3494 altathcmatis
2558 3452 2725 3509 super
2779 3436 3101 3494 Gllibcrtum
3176 3435 3447 3491 hcrcsiar-

1860 3526 2020 3582 cllam
2047 3536 2102 3582 et
2135 3542 2328 3585 omnes
2351 3529 2470 3599 ejus
2499 3528 2795 3600 complices
2818 3527 3052 3584 iteravit.
3088 3525 3291 3582 Statuit
3313 3541 3447 3595 quo-

1859 3633 1968 3688 que
2016 3617 2093 3675 ibi
2138 3634 2208 3676 ne
2238 3621 2645 3678 communicare
2683 3627 3077 3690 praesumerent
3112 3616 3206 3689 qui
3236 3631 3444 3675 concu-

1858 3715 2017 3773 binas
2046 3718 2330 3787 haberent,
2356 3719 2459 3773 nisi
2494 3720 2648 3789 prius
2689 3734 2785 3775 eas
2820 3718 3047 3774 omnino
3085 3717 3439 3773 dimitterent.

1860 3804 1937 3861 De
1968 3805 2411 3864 Jerosolimitano
2440 3810 2633 3865 itinere
2670 3811 2900 3866 multum
2941 3808 3171 3882 regavit,
3197 3819 3256 3864 llt
3279 3809 3442 3875 irent,

1859 3874 1914 3955 et
1935 3898 2199 3956 fratribus
2241 3902 2357 3957 suis
2395 3901 2768 3959 laborantibus
2815 3911 3200 3960 succurrerent
3248 3903 3340 3957 ⁸⁷⁸.
3383 3899 3439 3958 In

1860 3994 2199 4065 Alemannia
2232 3997 2449 4071 tandem
2500 4006 2624 4068 post
2673 3999 2844 4053 multa
2895 3999 3136 4075 pericula
3182 3998 3354 4065 abbas
3386 3998 3440 4053 in

1862 4067 2272 4159 Schaplluscnsi
2320 4085 2655 4151 monaSlrrio
2717 4094 3001 4150 ordinatus
3070 4102 3148 4150 est
3215 4094 3441 4150 nomine

1858 4182 2206 4253 Adelbcrtus;
2232 4187 2327 4257 qui
2353 4187 2422 4243 de
2447 4188 2648 4259 prioris
2689 4188 2902 4245 abbatis
2930 4188 3090 4259 quasi
3118 4189 3440 4260 expulsione

1859 4266 2157 4336 infamatus
2198 4280 2274 4335 ita
2311 4295 2371 4338 sc
2395 4281 2603 4351 judicia
2650 4283 2877 4340 acelesiat
2908 4282 3248 4355 expurgavit,
3284 4292 3347 4338 ιιι
3369 4283 3440 4338 ab

1857 4372 2115 4445 episcopo
2139 4388 2235 4444 per
2260 4374 2620 4431 obedientiam
2647 4391 2812 4446 quam
2839 4376 3040 4447 regula:
3076 4375 3326 4431 debuerit
3355 4374 3440 4429 in-

149 4445 495 4519 legationem
523 4458 743 4530 direxit,
784 4465 1038 4524 videlicet
1070 4475 1432 4532 venerabilem
1479 4477 1753 4541 Theober-

153 4550 267 4572 lum
300 4546 494 4572 lllh’l\
535 4551 647 4572 n'_,
850 4561 865 4572 ιι
933 4561 945 4572 .
1140 4567 1191 4572 --
1269 4570 1279 4572 μ

1867 4471 2187 4535 terrogatus,
2220 4480 2280 4522 se
2303 4465 2648 4521 innocentem
2676 4467 2742 4523 de
2772 4467 2864 4521 illo
2891 4465 3120 4521 crimine
3149 4465 3437 4572 prpﬁtere-

153 4550 269 4600 tum
298 4546 495 4619 (1454)
534 4551 748 4614 Pisana:
770 4561 999 4620 ecclesiae
1041 4567 1537 4643 archiepiscopum,
1567 4577 1661 4647 qui
1695 4586 1752 4634 ει
1785 4546 1965 4637 Ἵυιτ.
1985 4555 2569 4615 Ordinatusestautem
2590 4558 2928 4616 avencrabili
2950 4557 3269 4614 Gcbcllardo
3287 4558 3443 4616 Con--

149 4630 256 4691 illis
292 4638 349 4693 in
382 4644 650 4703 omnibus
691 4653 988 4721 apostolica
1025 4656 1142 4714 vice
1171 4660 1387 4719 adesset
1424 4672 1480 4719 ct
1505 4668 1752 4726 :eclesias

155 4724 207 4780 in
234 4728 375 4789 locis
414 4739 567 4795 unde
608 4745 809 4814 pagani
832 4748 1048 4817 expulsi
1100 4760 1232 4808 sunt
1278 4754 1618 4819 instauraret
1657 4761 1753 4817 ⁸⁸⁸.

1449 4874 1691 4944 vitam:
1720 4859 2126 4934 anrlosns’.

227 4938 298 4973 ⁸⁸³
331 4941 650 5038 Gerbardus
670 4955 1059 5038 «T‘eondol’uit
1085 4960 1171 5038 llic
1204 4963 1420 5038 desunt;
1444 4983 1681 5038 quorum
1715 4968 1828 5024 loco
1850 4967 1909 5038 in

168 5006 266 5090 9'08
284 5041 354 5051 —
382 5014 630 5089 detentus
652 5006 943 5081 addunt};

1857 4650 2143 4707 stantiensi
2156 4651 2643 4723 episeopoet-sedis
2655 4652 2964 4726 apostolica!
2985 4653 3161 4723 legato
3177 4652 3229 4706 ill
3249 4654 3450 4714 nativi-

1859 4752 1968 4801 tate
1986 4744 2160 4802 sancti
2173 4743 2439 4802 Johannis
2452 4745 2813 4816 baptistaa‘".
2839 4745 3129 4801 Liutoldus
3150 4744 3311 4800 bonas
3330 4764 3463 4812 me.

3256 4979 3522 5054 2°80»

1951 4969 2055 5038 ﬁne
2095 4968 2220 5040 anni
2254 4956 2573 5040 Gerllardus
2607 4999 2693 5015 —~
2735 4967 3042 5040 impetravit
3071 4972 3142 5040 ct_
3167 4963 3255 5040 _Ma

1099 5033 1167 5065 ⁸⁸⁸
1206 5032 1260 5087 S.
1292 5036 1380 5090 aui
1415 5032 1700 5090 stimazsa
1727 5039 1765 5090 S

1867 5032 1981 5090 rido
2012 5055 2111 5090 nro
2159 5039 2213 5090 Ξ.
2289 5038 2360 5070 ⁸⁸⁵
2388 5039 2459 5090 Μ.
2495 5032 2833 5090 canor-imis-
2861 5040 2927 5090 de
2982 5033 3314 5090 Marehbach
3350 5032 3517 5090 ἐἷ’ἶί
