3996 5474
248 316 271 372 ἰ
289 316 387 372 ιὸὖ

1128 331 1418 417 ΑΡΡΕΝΙ).
1462 335 1548 392 Ill.
1591 366 1663 376 —
1694 336 2133 395 MONUMENTA
2171 340 2639 401 GBEGOBIANA.

3389 349 3527 407 1454

249 437 842 530 ftis-"dispersit,
873 442 1323 530 dubitarent-ilio
1359 448 2059 530 Μοῃτιηιίωηεξιρναςςφιο
2085 470 2238 530 papa:
2260 455 2577 530 Alexandri,
2613 460 2900 529 prsidium
2936 458 3169 515 Simonis
3208 458 3527 530 discipulus.

248 503 844 602 njndttm‘fonu'cratus
874 514 1174 599 deponitur,
1204 522 1394 602 quippe
1430 503 1549 602 ἐξιρι
1580 540 1611 575 e
1640 503 1848 602 {feriris
1889 503 2383 602 (έοῇειμξιιῖρηδὸὺιω
2414 503 2950 602 ii-idcinraccusatus,
2988 530 3188 600 objecta
3213 503 3401 602 negare
3424 548 3529 589 non

250 583 842 665 p08‘;!¢-l-5Ltilt‘i‘81ttce.$8il
874 583 1454 665 in’cpiseopatujolfio.
1488 590 1561 647 De
1585 593 1772 665 eadem
1811 595 2020 665 synodo
2050 594 2328 652 Marianns
2353 608 2407 653 et
2430 583 2774 656 Lambcrtns.

573 660 703 742 tunc
733 642 1049 742 incliti-ian
1086 642 1329 742 Ecclesia
1361 661 1606 742 Romana
1651 642 2051 742 llildebi‘andns
2081 642 3148 742 archidiacoiius.cf’arElficancellarius,
3176 680 3361 742 postea
3393 671 3527 729 Gre-

250 716 452 807 gorius
464 716 572 807 JVll
590 722 641 804 in
674 724 1006 807 pontificatu
1029 732 1359 807 appellatus,
1396 716 1711 807 acerrimus
1724 716 3527 807 somnone-Ilii'éi'iiiéiiiuiﬁéiiiiiiiﬁui-

251 796 948 884 ;:_c'l.ijus‘monitu
981 796 1286 884 Alexander
1307 796 1574 884 pontifezv,
1598 805 1998 884 quantivis-ipsc
2029 808 2193 884 etiam
2222 824 2320 884 sua
2346 820 2543 884 sponte
2569 813 2705 867 satis
2729 796 2995 884 adversus
3021 796 3323 884 sacrilegos
3351 796 3414 884 et
3426 796 3527 870 lla-

250 858 479 940 gili9sos
516 857 905 949 inflammatus,
940 871 1110 925 multa
1164 857 1376 943 agebat,
1425 857 1478 928 et
1518 857 3321 1003 incliti—“maliVItilirassiit-pitusr
3352 857 3527 954 {53233

254 929 641 1003 schismaucis,
663 947 918 1003 opposnto
939 939 1179 997 Cadaloo
1198 944 1476 1003 antioaoa.
1510 945 1653 1000 sicut
1679 956 1869 1003 postea
1899 944 2197 1003 Gronorius
2251 949 2309 1003 ἸΙ
2340 968 2369 1003 a
2399 952 2717 1003 Gnilierlina
2746 953 2981 1003 factione
3003 964 3231 1003 vexatus
3260 964 3362 1003 est.

254 929 641 1003 schismaticis,
663 929 918 1008 opposito
939 939 1179 997 Cadaloo
1198 929 1476 1015 antipapa,
1510 945 1653 1000 sicut
1679 956 1869 1017 postea
1899 929 2197 1018 Gregorius

264 1074 1529 1105 ....____.._._______________

2271 949 2309 1003 ll
2340 968 2369 1006 a
2399 952 2718 1009 Guibertina
2745 953 2981 1010 factione
3003 949 3231 1010 voratus
3260 964 3362 1010 est.

493 1176 857 1244 SYNODL'S
898 1183 1378 1249 MOGUNTINA
1422 1189 1505 1252 1N
1547 1188 1801 1251 CAUSA
1846 1188 2144 1252 CAROLI
2180 1191 2862 1260 CONSTANTIENSIS
2906 1197 3285 1261 EPISCOPI.

318 1435 625 1506 lmperante
671 1452 836 1508 super
875 1439 1061 1494 omnia
1092 1440 1419 1497 :cternaliter
1460 1455 1649 1511 regum
1688 1438 1832 1509 Rege
1866 1438 1905 1493 A
1938 1436 2041 1492 hoc
2069 1441 2386 1509 apostolica:
2427 1443 2825 1501 benedictionis
2871 1457 3275 1504 sacramentum
3302 1464 3411 1506 non
3436 1451 3534 1508 de-

244 1526 484 1582 Domino
529 1537 721 1583 nostro
767 1527 897 1585 Jcsu
953 1529 1197 1599 Christo,
1242 1543 1296 1587 et
1341 1531 1445 1587 sub
1476 1546 1544 1587 eo
1576 1539 1839 1601 regnante

243 1621 620 1690 temporaliter
646 1623 1000 1678 serenissimo
1026 1622 1283 1679 Ileinrico
1318 1638 1442 1694 rege
1463 1623 1629 1694 hujus
1657 1620 1836 1676 nomi—

241 1710 331 1768 nis
357 1722 579 1783 quarto,
603 1714 900 1770 venerabili
927 1731 1148 1787 quoque
1180 1713 1471 1787 Sigefrido,
1504 1713 1839 1786 Moguntinre

239 1801 504 1859 Ecclesia:
524 1802 757 1874 primate
777 1817 829 1861 et
846 1807 1160 1877 apostolica:
1185 1807 1538 1878 scdislcgato,
1555 1806 1839 1877 aurigante

236 1896 467 1949 currum
488 1893 581 1950 Dei
602 1911 747 1952 anno
765 1896 879 1968 jam
907 1914 1006 1966 xu,
1030 1900 1123 1970 qui
1149 1909 1277 1956 tunc
1299 1901 1636 1967 volvebatnr,
1658 1916 1838 1957 annus

235 1985 519 2044 lncarnati
573 1987 737 2045 Verbi
788 1990 948 2061 1071,
1006 2003 1199 2049 octava
1253 1993 1552 2050 indictione
1602 1993 1834 2050 Romani

235 2094 465 2147 census,
502 2080 774 2137 celebrata
803 2092 890 2138 est
929 2095 1117 2139 sancta
1159 2069 1401 2157 synodus
1430 2086 1573 2157 apud
1608 2084 1838 2158 Mogun-

235 2170 369 2225 tiam
420 2173 765 2245 metropolim
810 2174 1106 2233 Orientalis
1160 2176 1425 2246 Franciae,
1477 2178 1835 2250 principalem

232 2279 367 2318 vero
399 2266 669 2335 pontificii
697 2268 880 2324 sedem
916 2270 1084 2326 totius
1113 2270 1417 2329 Germania:
1437 2282 1492 2330 ct
1513 2273 1835 2330 GallitcCis—

230 2358 463 2428 aipinm,
509 2360 597 2415 cui
632 2363 885 2431 pnesedit
925 2363 1066 2419 idem
1107 2366 1479 2423 memorabilis
1510 2365 1833 2439 Sigefridus,

228 2447 614 2505 assidentibus
635 2454 1134 2523 etcoopcrantibus
1167 2456 1269 2512 sibi
1309 2458 1712 2514 venerabilibus
1747 2475 1837 2514 ar-

230 2538 610 2610 chiepiscopis
660 2541 983 2600 Gebehardo
1023 2545 1315 2604 Juvavensi
1343 2558 1398 2604 et
1428 2548 1606 2606 Utone
1631 2547 1833 2607 Treve-

230 2630 386 2687 rensi
426 2649 439 2686 :
473 2632 888 2691 considentibus
915 2651 1044 2692 vero
1085 2647 1141 2694 et
1184 2640 1653 2697 collaboranlibns
1688 2656 1837 2697 reve-

230 2722 426 2778 rendis
454 2724 731 2796 episcopis
758 2726 1101 2784 Adelberone
1144 2730 1581 2804 Wirzburgensi,
1614 2731 1835 2787 (itinde-

228 2812 409 2867 charo
470 2811 786 2883 Eistetensi,
843 2816 1211 2875 Embriehone
1257 2822 1613 2892 Angustensi,
1677 2821 1833 2883 Heri:

228 2919 446 2960 manno
464 2905 889 2981 Babebcrgensi,
905 2909 1244 2968 Wercnhero
1258 2912 1665 2985 Argentinensi,
1682 2913 1840 2971 llcin-

228 2998 350 3056 rico
371 2998 651 3071 Spirensi,
676 3001 1338 3078 BennoneOsinburgensi
1359 3004 1835 3083 [Osnaburgcnsi],

226 3095 593 3156 Ermenfrido
618 3097 945 3169 Scdunensi,
977 3099 1263 3158 Heribertn
1291 3100 1625 3160 Mutinensi:
1653 3102 1838 3159 consi-

223 3190 502 3248 dentibus
550 3208 682 3250 vero
714 3202 770 3250 et
796 3193 1171 3252 annitentibus
1213 3195 1580 3252 sanctissimis
1620 3196 1837 3251 abbati-

221 3286 355 3354 bus,
409 3301 523 3343 nec
568 3302 679 3344 non
729 3287 1052 3347 inferiorum
1107 3290 1365 3346 ordinum
1416 3290 1841 3361 quamplurimis

221 3390 450 3448 magna:
473 3377 823 3435 auctoritatis
848 3388 903 3435 et
929 3379 1210 3452 sapientia:
1225 3380 1633 3437 viris.Aderant
1653 3391 1836 3438 autem

217 3468 401 3526 etiam
432 3469 603 3542 legati
636 3471 976 3544 reliquorum
1003 3473 1257 3542 fratrum,
1288 3474 1541 3531 videlicet
1574 3475 1843 3548 suffraga-

221 3576 472 3620 ncorum
497 3562 743 3633 ejusdem
776 3566 1178 3641 metropolitani
1208 3568 1472 3624 antistitis
1492 3567 1754 3639 epistolas
1786 3578 1843 3626 et

217 3655 505 3711 mandata
526 3652 785 3725 ferentes,
813 3658 1014 3729 quibus
1034 3661 1283 3717 excusati
1318 3661 1669 3727 haberentur,
1693 3661 1842 3732 quod

218 3745 453 3803 invitati
483 3749 1005 3808 conciliointcresse
1029 3766 1139 3807 non
1164 3754 1589 3823 possent,certis
1616 3753 1843 3825 quibus—

215 3838 355 3897 dam
420 3839 860 3911 impedientibus
909 3844 1116 3911 causis,
1149 3844 1240 3899 alii
1285 3846 1529 3915 quidem,
1561 3860 1842 3916 corporea:

214 3931 585 3988 inﬁrmitatis
606 3943 833 4005 urgente
860 3935 1134 4001 molestia,
1163 3936 1278 4003 alii,
1307 3937 1363 3992 in
1393 3937 1727 4008 quibusdam
1749 3953 1839 3995 re-

213 4026 317 4099 gni
367 4024 621 4097 negotiis
652 4026 816 4096 regia:
834 4026 1103 4097 jussionis
1126 4027 1401 4085 detinente
1432 4030 1837 4101 potentia.Qui,

1938 1527 2089 1595 here,
2125 1524 2224 1589 nec
2252 1534 2515 1590 canonice
2548 1550 2711 1605 posse
2756 1537 2815 1590 in
2851 1551 2919 1593 eo
2967 1538 3086 1594 sine
3132 1540 3535 1601 examinatione

1939 1620 2222 1689 celebrari,
2248 1639 2348 1694 pro
2386 1640 2454 1681 eo
2507 1627 2653 1696 quod
2689 1627 2927 1683 fidelium
2958 1630 3317 1700 graviumque
3348 1645 3537 1700 perso-

1940 1725 2134 1766 narum
2168 1714 2432 1771 relatione
2460 1716 2733 1781 didicerit,
2765 1718 3019 1788 quinimo
3043 1729 3098 1774 et
3142 1718 3287 1774 fama
3334 1737 3535 1793 usque-

1937 1817 2157 1874 quaque
2199 1808 2497 1879 vulgaverit
2542 1811 2690 1880 quod
2747 1827 2855 1867 non
2912 1828 3010 1883 per
3042 1814 3244 1868 ostium
3288 1814 3341 1868 in
3393 1814 3536 1870 ovile

1937 1892 2122 1948 ovium
2146 1894 2328 1965 (Joan.
2364 1901 2420 1960 .v)
2457 1900 2613 1955 vellet
2645 1899 2870 1965 intrare,
2901 1902 2995 1958 sed
3031 1917 3126 1972 per
3152 1902 3407 1958 furtivam
3443 1902 3535 1959 Si—

1937 1984 2203 2042 moniaca:
2233 1986 2530 2057 impietatis
2557 1990 2762 2045 scalam
2788 1991 3009 2048 aliunde
3040 1993 3307 2049 niteretur
3335 2009 3535 2051 ascen-9

1936 2077 2085 2142 dere,
2110 2092 2168 2131 se
2204 2092 2425 2148 quoque
2455 2079 2579 2135 talis
2625 2080 2883 2137 introitus
2912 2082 3035 2152 ejus
3065 2084 3208 2139 nolle
3245 2084 3534 2141 ostiarinm

1936 2172 2076 2239 lieri,
2107 2172 2197 2228 cui
2228 2170 2485 2229 Christus
2516 2174 2652 2243 ipse,
2684 2176 2778 2244 qui
2810 2176 3012 2231 ostium
3034 2185 3121 2231 est
3142 2175 3358 2247 (llud),
3383 2177 3535 2233 vidc-

1936 2270 2027 2316 tnr
2058 2261 2255 2317 obniti.
2282 2260 2426 2329 Quin
2460 2266 2633 2333 ipsam
2682 2264 2990 2334 impietatis
3022 2268 3228 2323 scalam
3276 2268 3331 2322 in
3360 2266 3538 2338 lapide

1937 2352 2258 2408 oll‘ensionis
2311 2362 2366 2407 et
2421 2363 2572 2424 petra
2610 2357 2854 2411 scandali
2887 2355 2938 2427 (Ι
2979 2356 3124 2412 l'ctr.
3175 2361 3259 2427 ιι),
3303 2373 3363 2414 se
3404 2359 3539 2414 velle

1938 2451 2244 2509 conterere,
2276 2443 2570 2514 ipsumque
2615 2462 2646 2501 a
2690 2432 3026 2503 mercenaria
3060 2448 3329 2504 Dominici
3358 2450 3541 2521 gregis

1937 2533 2299 2604 occupatione
2321 2534 2479 2606 longe
2507 2536 2774 2606 longeque
2805 2539 3082 2607 repellere.
3112 2538 3203 2593 llle
3229 2547 3454 2594 econtra
3480 2554 3540 2594 se

1938 2624 2103 2694 hujus
2156 2624 2407 2679 criminis
2460 2636 2514 2679 et
2569 2629 2838 2682 haeretica:
2888 2629 3183 2697 impietatis
3238 2629 3539 2683 immunem

1938 2702 2128 2767 multis
2168 2714 2509 2784 argumentis
2546 2731 2796 2771 asserere
2833 2717 3127 2782 nitebatur,
3159 2734 3347 2788 seque,
3396 2716 3443 2773 si
3487 2718 3538 2774 ei

1869 2789 1913 2845 Β
1939 2802 2096 2875 cepia
2128 2812 2452 2875 tempusque
2485 2805 2666 2873 detur,
2717 2806 2880 2874 hujus
2924 2807 3162 2863 infamia:
3195 2820 3381 2865 notam
3417 2824 3447 2865 a
3478 2825 3540 2865 se
3636 2828 3643 2833 '

1938 2895 2239 2966 propellere
2287 2896 2421 2952 velle
2471 2896 2723 2964 testatur,
2781 2897 3016 2968 indeque
3070 2900 3206 2970 petit
3259 2900 3538 2973 synodaiis

1938 2986 2159 3041 concilii
2188 2986 2547 3055 audientiam,
2593 3004 2646 3043 ni
2676 3004 2782 3059 qua
2813 3004 2978 3059 super
3007 2990 3109 3044 hac
3138 3006 3196 3046 re
3225 3006 3382 3046 suam
3407 3006 3538 3062 pro-

1940 3077 2071 3133 bare
2133 3078 2311 3150 possit
2371 3079 2770 3148 innocentiam,
2806 3079 2994 3151 ibique
3045 3084 3537 3150 consecrationem,

1940 3185 2107 3240 quam
2155 3169 2393 3240 petebat,
2434 3181 2530 3227 aut
2571 3173 2834 3229 canonice
2864 3173 2969 3229 sibi
3006 3174 3123 3229 dari
3153 3184 3249 3230 aut
3273 3176 3541 3232 canonice

1942 3278 2151 3334 negari.

2013 3377 2303 3442 Mittuntur
2330 3380 2536 3437 interea
2563 3381 2632 3438 ad
2661 3381 3027 3438 venerabilem
3055 3382 3539 3455 metropolitanum

1941 3470 2149 3527 crebra:
2177 3472 2244 3527 de
2270 3473 2477 3542 palatio
2503 3473 2820 3543 legationes,
2860 3475 3041 3531 mistis
3068 3474 3324 3546 precibus
3358 3475 3542 3531 minas

1943 3571 1997 3617 et
2027 3562 2323 3633 imperiosa
2346 3564 2414 3622 tle
2454 3565 2558 3621 hac
2579 3566 2996 3623 consecratione
3044 3568 3300 3624 mandata
3355 3568 3541 3624 ferent--

1943 3665 2046 3711 tes.
2072 3654 2360 3712 Mittuntur
2387 3667 2442 3714 et
2473 3658 2669 3715 litterae
2690 3675 2721 3715 a
2744 3668 2980 3729 prmsute
3015 3661 3333 3732 apostolicae
3372 3659 3541 3727 sedis,

1945 3747 2270 3804 mandantes
2301 3762 2368 3803 ne
2392 3748 2503 3803 ullo
2531 3747 2694 3804 modo
2729 3758 3087 3805 consecretur
3130 3751 3250 3806 sine
3271 3750 3545 3807 scrutinio

1945 3838 2229 3894 canonica:
2262 3840 2624 3910 purgationis.
2664 3838 2732 3895 Et
2762 3840 2908 3909 quod
2939 3854 3031 3895 rex
3083 3841 3546 3917 petestatejnbec

1946 3930 2039 3985 bat
2073 3928 2354 3988 Romanus
2388 3931 2632 4002 pontifex
2671 3941 2997 3988 auctoritate
3046 3931 3385 4003 prohibebat.
3439 3931 3544 3988 Ac-

1947 4023 2149 4079 cedunt
2172 4033 2226 4079 et
2254 4025 2504 4080 canonici
2533 4024 2980 4081 Constantiensis
3009 4021 3265 4080 Ecclesia:
3293 4040 3358 4079 ex
3390 4040 3544 4080 (om-

211 4118 357 4174 dum
397 4117 680 4175 canonice
712 4128 844 4175 sunt
867 4120 1136 4186 excusati,
1172 4120 1278 4192 ipsi
1314 4121 1475 4195 legati
1507 4124 1836 4194 competenti
1867 4149 1909 4208 ε
1949 4117 2101 4172 muni
2132 4117 2302 4173 totius
2330 4117 2546 4174 cleriet
2567 4117 2753 4189 populi
2778 4116 3069 4189 iegatione,
3098 4116 3435 4172 unanimiter
3455 4130 3545 4171 as-

212 4211 349 4270 loeo
379 4220 445 4269 et
495 4210 708 4268 ordine
737 4225 930 4270 eorum
969 4212 1274 4285 funguntur
1304 4215 1686 4289 unusquisque
1720 4216 1853 4274 vice

211 4303 508 4362 antistitis
532 4303 640 4361 sui.

285 4395 430 4455 llaec
457 4397 709 4469 denique
742 4408 934 4455 sancta.
973 4398 1219 4471 synodus
1263 4416 1388 4456 cum
1425 4412 1647 4473 propter
1669 4402 1839 4458 multa

208 4490 537 4563 pastoralis
593 4505 740 4573 cura:
773 4491 991 4563 negotia
1037 4493 1331 4563 pluresque
1373 4509 1594 4560 causas,
1638 4494 1840 4565 quibus

203 4586 368 4656 justo
394 4581 719 4639 adhibenda
758 4592 876 4639 erat
909 4584 1292 4642 ecclesiastica:
1316 4586 1840 4643 correctionis'c‘en-

207 4691 378 4744 sura,
415 4684 550 4730 tum
608 4673 847 4730 maxime
888 4674 1089 4731 indicla
1136 4684 1192 4732 et
1233 4677 1417 4733 habita
1470 4688 1575 4745 est,
1623 4690 1843 4750 propter

207 4770 496 4832 Carolum
517 4767 840 4837 quemdam,
874 4767 969 4839 qui
998 4768 1437 4827 Constantiensis
1459 4770 1727 4828 Ecclesia
1741 4772 1811 4827 de
1825 4801 1843 4814 -

209 4864 488 4937 signatus
524 4868 651 4916 erat
685 4859 998 4931 cpiscopus,
1028 4862 1147 4927 sed,
1179 4873 1238 4918 ut
1274 4871 1400 4934 post
1428 4862 1504 4918 rei
1534 4864 1715 4920 exitus
1739 4864 1840 4918 do-

208 4955 358 5017 cuit,
402 4966 527 5009 non
558 4949 698 5006 satis
719 4950 985 5007 canonice
1006 4953 1212 5009 electus
1236 4963 1290 5008 et
1312 4964 1602 5025 provectus
1631 4953 1838 5026 (1459).

209 5046 342 5114 llic,
371 5055 437 5102 ut
468 5042 730 5100 solemne
756 5055 862 5112 est,
901 5053 1122 5115 accepta
1151 5061 1183 5101 a
1210 5060 1335 5118 rege
1380 5047 1708 5117 pontificalis
1743 5062 1844 5101 an-

207 5144 335 5200 nuli
387 5150 451 5197 ct
500 5140 805 5209 pastoralis
858 5138 1047 5195 ferula:
1092 5139 1412 5195 investitura
1439 5183 1454 5206 ,
1505 5151 1563 5197 et
1604 5143 1657 5197 in
1714 5141 1845 5197 sede

208 5230 499 5306 episcopii
526 5238 809 5298 receptus,
836 5230 999 5302 regia:
1027 5230 1314 5303 potestatis
1332 5230 1561 5300 jnbente
1582 5248 1842 5301 censura,

208 5324 616 5403 postulabata
642 5322 876 5391 primate
896 5321 1262 5395 Moguntiensi
1286 5322 1531 5394 ejusdem
1563 5327 1844 5384 Constan-

208 5420 418 5444 -ε-..-2..
460 5411 735 5444 vnn‘nblm
782 5429 841 5444 ΑΛ
866 5416 1180 5444 ειηῖηολαιικι
1228 5418 1535 5444 annoanno-san:
1599 5418 1705 5444 ΩΑ-.
1745 5434 1809 5444 --η

1949 4219 2198 4267 serentes
2229 4210 2487 4267 Carolum
2520 4212 2671 4266 nulla
2718 4211 2933 4267 ratione
2954 4209 3268 4267 consecrari
3314 4208 3544 4275 debere,

1945 4301 2102 4372 quia,
2133 4317 2201 4357 ex
2231 4318 2345 4373 quo.
2376 4318 2502 4359 cuni
2528 4302 2688 4358 inviti
2715 4311 2772 4358 et
2799 4303 2904 4359 sub
2929 4302 3244 4358 conditione
3263 4301 3546 4370 elegerunt

1940 4402 1995 4449 et
2022 4403 2367 4465 receperunt,
2392 4395 2598 4449 nullam
2634 4394 2717 4450 eis
2744 4396 3037 4465 pastoralis
3062 4389 3224 4447 oﬂicii
3251 4387 3545 4460 impendis-

1942 4496 2025 4542 set
2062 4500 2292 4553 curam;
2322 4486 2457 4557 quin
2491 4485 2678 4556 potius
2696 4496 2995 4559 tyrannica:
3008 4481 3405 4540 dominationis
3431 4493 3547 4535 non

1941 4586 2218 4639 cessasset
2239 4592 2407 4648 super
2426 4592 2524 4633 eos
2543 4591 2802 4633 exercere
2829 4590 3166 4646 pressuram,
3192 4587 3299 4628 nee
3316 4586 3544 4627 manum

1942 4673 2305 4730 continuisset
2335 4689 2367 4728 a
2388 4673 2583 4733 sacris.
2615 4688 2718 4729 nec
2764 4648 3097 4742 pepercisset
3127 4668 3181 4722 in
3219 4666 3549 4737 diripiemhs

1943 4762 2202 4821 Ecclesia:
2236 4764 2532 4825 thesauris.
2561 4774 2615 4819 et
2632 4763 3001 4835 quodcunque
3052 4759 3239 4831 rapaci
3282 4757 3546 4814 “olentia

1942 4858 2237 4915 corradere
2300 4860 2592 4929 potuisset,
2649 4858 2756 4913 hoc
2800 4864 2978 4910 totum
3024 4851 3295 4909 ministris
3342 4849 3551 4923 Magni,

1944 4950 2056 5006 imo
2084 4949 2226 5022 Magi
2255 4950 2404 5008 illius
2430 4949 2696 5009 Simonis.
2728 4948 2782 5003 id
2811 4955 2919 5012 est,
2949 4947 3064 5003 suis
3097 4943 3409 5001 fautoribus
3434 4942 3551 4999 dis-

1949 5043 2261 5109 tribuisset,
2288 5052 2351 5098 ut
2399 5057 2640 5117 quorum
2672 5040 2869 5096 adnisu
2893 5040 3257 5096 adulterinum
3313 5040 3556 5098 meruis—

1944 5150 2031 5195 set
2051 5136 2394 5204 electionem,
2421 5150 2617 5195 eorum
2643 5132 2821 5190 venali
2851 5134 3212 5188 mercimonio
3246 5146 3555 5204 conseque-

1945 5240 2101 5288 retur
2133 5231 2472 5287 mercenaria
2521 5242 2621 5300 pro
2651 5226 3073 5284 consecratione
3091 5226 3556 5288 exsecrationem,

1947 5339 2050 5394 pro
2081 5320 2464 5379 benedictione
2489 5317 2958 5378 matedictionem.

2029 5415 2055 5444 Α
2071 5424 2083 5444 ο
2119 5414 2571 5444 ηιηιπηῄηιῖιηιηηο
2621 5410 2849 5444 αιίιΙῖΩΙΔο

3304 5405 3561 5444 Πισινυωῖ

2899 5421 3042 5444 lnior
3089 5412 3249 5444 Inui-uc
