3996 5474
428 321 566 377 N33

1328 352 1331 357 -
1405 313 1497 369 AD
1529 315 1756 371 OPERA
1794 317 1852 371 S.
1885 312 2221 371 GRECORII-
2242 312 2685 370 APPENDICES.

3535 311 3683 371 H35

428 402 745 496 immobilis,
763 438 818 487 et
838 444 1106 500 nusquam
1134 427 1319 482 favore
1347 427 1430 482 vel
1459 428 1656 499 gratia,
1679 436 1887 482 terrore
1913 427 1999 481 vel
2027 429 2073 485 A
2097 426 2216 497 ejus
2242 426 2418 483 adhuc
2440 441 2627 483 cereus
2651 434 2704 482 et
2730 426 2983 482 indocilis
3006 425 3333 482 formaretur
3360 426 3428 480 ad
3451 426 3701 493 similia,~

427 538 657 579 munere
682 522 1164 578 inflectiturastatu
1180 520 1458 575 canonica:
1482 520 1838 575 rectitudinis.
1859 516 1969 573 Mul
1984 548 2000 558 -

430 613 504 669 tis
530 612 714 683 itaque
746 611 954 666 nuntiis
981 610 1108 665 hinc
1130 610 1254 665 inde
1281 610 1468 666 missis
1485 618 1539 666 et
1567 611 1842 677 remissis,
1867 610 2004 664 mul-

433 705 502 761 tis
531 718 746 775 quoque
769 703 960 759 diebus
982 701 1111 757 huic
1170 701 1458 759 audientiae
1480 703 1761 786 delegatis,
1810 711 1866 758 et
1911 718 2005 757 co-

434 798 675 870 gnitores
728 794 1175 868 [cognitionibus]
1199 810 1377 851 causae
1397 796 1660 867 principis
1705 804 2005 866 occupante

433 894 700 958 praecepto
725 903 830 941 non
860 888 1115 959 impletis,
1142 904 1268 945 cum
1291 886 2003 955 EcclesiaConstantiensis,

436 992 537 1032 suo
563 977 779 1031 viduata
806 985 1041 1046 pastore,
1090 977 1203 1048 jam
1241 977 1353 1033 fere
1410 978 1630 1033 biennio
1683 978 2005 1033 sacerdotali

437 1073 646 1122 careret
676 1065 1080 1135 benedictione,
1115 1066 1355 1134 tandem,
1404 1067 1755 1124 miseratione
1801 1068 2005 1136 divina,

435 1157 693 1225 potestati
716 1158 1145 1229 praeponderavit
1170 1159 1488 1225 auctoritas,
1517 1166 1572 1213 et
1594 1157 1799 1213 Christi
1821 1174 2008 1214 sacer-

437 1248 657 1304 dotibus
676 1248 858 1303 divina
885 1249 1146 1319 aspiravit
1165 1250 1437 1305 voluntas.
1467 1248 1622 1305 Unde
1648 1264 1840 1305 eorum
1858 1264 2010 1305 eom-

438 1341 591 1398 muni
625 1356 852 1398 assensu
892 1343 1168 1413 synodalis
1208 1344 1425 1399 concilii
1467 1351 1615 1400 certa
1662 1342 2011 1415 legitimaque

439 1432 556 1488 dies
588 1432 960 1497 denuntiatur,
992 1439 1047 1487 et
1071 1434 1518 1503 coepiscoporum
1561 1433 1897 1488 unanimitas
1942 1431 2010 1486 ad

440 1524 731 1579 concilium
759 1525 1044 1594 invitatur;
1078 1541 1311 1596 quorum
1341 1527 1455 1594 alii,
1482 1534 1543 1581 ut
1563 1526 1865 1596 oportebat,
1894 1525 2013 1581 sine

440 1615 702 1670 dilatione
723 1615 1043 1680 adfuerunt;
1071 1618 1161 1671 alii
1194 1633 1345 1684 vero,
1397 1619 1491 1689 qui
1543 1626 1690 1673 certa
1737 1618 1804 1673 de
1846 1632 2011 1672 causa

442 1707 633 1763 adesse
663 1723 773 1762 non
799 1718 1069 1779 poterant,
1101 1712 1363 1766 canonice
1412 1710 1657 1766 excusati
1712 1709 2012 1780 subparem

442 1801 785 1869 praesentiam
814 1800 1015 1857 vicaria
1065 1802 1335 1872 legatione
1361 1803 1767 1874 suppleverunt.

510 1889 697 1947 Primo
750 1893 915 1964 igitur
957 1896 1173 1950 concilii
1213 1897 1321 1964 die,
1378 1913 1540 1967 quem
1594 1905 1796 1952 sancue
1836 1896 2018 1952 Maria:

442 1981 699 2036 dormitio
735 1991 866 2038 tunc
910 1985 1323 2040 celeberrimum
1354 1987 1663 2053 exhibebat,
1693 2002 1815 2042 cum
1858 1988 2019 2058 spiri-

443 2072 607 2127 tualis
636 2074 803 2128 curia:
831 2084 1131 2143 senatores,
1161 2077 1538 2147 patrocinante
1567 2077 1771 2148 Spiritu
1803 2090 2014 2145 sancto,

444 2164 585 2220 intra
611 2165 815 2236 regiam
842 2164 1063 2237 Majoris
1092 2166 1366 2234 Ecclesiae,
1399 2177 1523 2223 ante
1540 2170 1810 2225 cancellos
1833 2170 2019 2226 altaris

443 2259 859 2331 protomartyris
900 2259 1180 2329 Stephani,
1233 2260 1377 2330 quod
1432 2262 1487 2315 in
1538 2261 1790 2318 orientali
1832 2261 2020 2319 absidc

445 2347 752 2402 confectum
775 2357 878 2415 est,
905 2350 1284 2405 convenissent
1314 2351 1368 2407 in
1395 2367 1588 2419 unum,
1613 2354 1810 2422 primo,
1840 2363 2021 2423 utpar

446 2445 582 2503 erat,
606 2446 810 2491 sanctae
830 2447 883 2492 et
909 2438 1199 2493 individnae
1240 2437 1489 2494 Trinitati
1526 2440 1736 2495 debitas
1781 2440 2023 2494 referunt

448 2533 743 2604 gratiarum
772 2533 1033 2597 actiones,
1062 2542 1116 2587 et
1145 2549 1244 2602 pro
1266 2533 1523 2587 incolumi
1555 2533 1720 2587 totius
1767 2532 2022 2589 Ecclesiae

449 2632 592 2680 statu
609 2625 878 2694 supplices
899 2622 1009 2678 Deo
1031 2624 1263 2679 oll'erunt
1294 2639 1515 2695 preces;
1538 2622 1731 2678 deinde
1757 2630 1878 2693 post
1902 2640 2024 2679 ml!-

450 2724 597 2771 tuam
628 2714 857 2770 fratrum
887 2715 1291 2779 salutationem,
1328 2722 1381 2769 et
1422 2714 1656 2769 debitam
1684 2714 1894 2769 sedium
1936 2730 2024 2769 rc-

451 2806 836 2877 cognitionem,
862 2806 1018 2875 juxta
1040 2805 1407 2860 authenticam
1438 2813 1678 2875 paternae
1714 2806 2023 2861 traditionis

452 2897 740 2971 synodum,
769 2896 1057 2952 conferunt
1084 2897 1151 2951 ad
1186 2897 1413 2953 invicem
1454 2898 1520 2953 de
1566 2899 1793 2954 veritate
1836 2900 2025 2954 cathoo

452 2989 575 3043 lica
595 2986 737 3053 ﬁdei,
768 2987 1089 3042 damnantes
1119 2986 1397 3042 Sir-nonem
1427 2997 1480 3042 ct
1509 3004 1699 3045 omnes
1737 2989 2024 3045 hmresiar-

452 3080 587 3135 chas
604 3092 728 3133 cum
751 3077 1094 3149 dogmatibus
1114 3077 1231 3134 suis
1251 3086 1305 3134 et
1338 3081 1664 3150 sequacibus
1695 3079 1829 3146 suis,
1852 3094 2025 3152 pauca

454 3184 555 3239 pro
581 3136 1083 3239 temporevtractant
1108 3168 1174 3225 de
1205 3136 1467 3241 qualitaie
1501 3171 1755 3229 instantis
1790 3136 2022 3244 negotii;
2053 3136 2096 3193 Ο

458 3268 531 3316 ac“
548 3260 628 3317 sic
647 3260 888 3328 demum,
918 3269 1136 3332 propter
1152 3262 1476 3319 celebranda
1494 3265 2028 3321 tantaesolemnitatis

459 3350 655 3421 otllcia,
686 3352 904 3408 solvunt
938 3352 1253 3422 concilium,
1302 3354 1546 3412 crastino
1594 3356 1865 3413 maturius
1903 3357 2029 3413 red-

460 3442 592 3499 ituri
620 3444 675 3500 in
706 3443 962 3514 idipsum.
1462 3491 1470 3499 .

532 3530 754 3587 Postera
779 3547 909 3587 vero
928 3531 1037 3599 die,
1068 3540 1215 3588 certa
1235 3533 1452 3590 concilii
1489 3535 1645 3603 hora,
1683 3552 1810 3592 cum
1834 3536 2031 3593 iterum

465 3622 747 3692 apostolici
774 3623 1082 3682 sacerdotes
1108 3623 1163 3680 in
1192 3641 1360 3680 unum
1394 3627 1798 3694 convenissent,
1823 3636 1877 3683 et
1895 3643 2035 3698 prte-

465 3710 651 3767 missis
680 3710 791 3766 Deo
817 3711 1069 3769 laudibus
1111 3720 1167 3767 et
1214 3714 1487 3783 precibus,
1532 3723 1588 3771 et
1633 3716 1858 3776 salutari
1908 3718 2036 3773 sede

467 3799 839 3865 conscdissent
859 3800 1064 3873 (1460),
1096 3804 1242 3873 quod
1268 3804 1465 3874 cuique
1508 3806 1777 3862 sacerdoti
1817 3806 1874 3860 in
1936 3822 2037 3862 sua

467 3891 690 3949 dimccsi
722 3892 1217 3963 venitindubium,
1247 3896 1559 3953 rationabili
1606 3897 1893 3968 disciplina
1938 3898 2039 3955 dc-

468 3985 674 4041 ducunt
701 3985 769 4040 ad
798 3986 1151 4053 medium,et,
1167 3997 1327 4056 prout
1358 4004 1450 4044 res
1473 3990 1803 4059 postulabat,
1835 4006 2038 4045 unum-

469 4079 724 4149 quodque
744 4087 1031 4136 tractatum
1059 4088 1156 4136 aut
1182 4081 1530 4136 terminatum
1560 4090 1647 4137 est
1677 4083 1923 4155 synodali
1943 4083 2038 4153 ju-

468 4170 631 4227 dicio.

539 4262 676 4319 lllud
702 4278 834 4319 vero
858 4264 1002 4334 quod
1025 4264 1259 4323 maxime
1282 4265 1338 4321 in
1363 4280 1529 4323 causa
1547 4266 1668 4334 fuit,
1692 4266 1761 4324 de
1780 4265 2043 4323 Constan-

468 4353 630 4415 tiensi
657 4356 926 4426 apposito,
956 4356 1095 4412 inter
1122 4356 1317 4414 fratres
1337 4359 1579 4415 studiose
1602 4359 1924 4427 ventilatur;
1948 4358 2042 4414 sed

470 4446 861 4503 interveniente
887 4447 1148 4519 principis
1176 4450 1451 4518 mandato,
1480 4451 1534 4506 in
1565 4460 1881 4521 sequentem
1897 4451 2039 4507 diem

470 4539 920 4607 procrastinatur,
948 4541 1233 4612 agentibus
1258 4542 1608 4601 internuntiis
1630 4552 1691 4599 ut
1733 4544 2041 4601 sacerdotes

471 4626 684 4691 Domini
708 4646 740 4684 a
764 4618 1083 4686 constantiae
1110 4647 1223 4687 suae
1250 4633 1426 4704 rigore
1453 4634 1522 4689 ad
1548 4634 1751 4707 regiam
1791 4650 1852 4691 se
1886 4635 2042 4690 inﬂe-

471 4730 678 4778 cterent
704 4724 1067 4792 voluntatem;
1113 4725 1237 4781 aliis
1285 4725 1615 4782 instantibus
1639 4735 1698 4782 ut
1730 4727 2045 4797 designatus

472 4810 561 4866 ille
586 4815 726 4869 male
751 4824 1075 4885 usurpatum
1103 4826 1295 4888 sponte
1312 4817 1603 4875 dimitteret
1617 4819 1898 4875 honorem.
1914 4818 2047 4875 Ter-

473 4899 549 4956 tia
573 4918 701 4959 vero
727 4904 833 4972 die,
862 4904 1069 4960 Christi
1100 4906 1427 4973 sacerdotes,
1455 4908 1618 4979 hujus
1658 4909 1860 4980 negotii
1885 4909 2047 4981 longa

473 4996 873 5073 exspectatione
911 4997 1187 5067 suspensi,
1210 5006 1260 5052 et
1308 5000 1475 5054 libera
1509 5000 1746 5069 quadam
1795 5000 2046 5071 indigna-

476 5085 642 5152 tione,
674 5085 784 5142 imo
809 5088 923 5143 zelo
945 5088 1171 5158 justitiae
1188 5091 1424 5157 accensi,
1447 5092 1769 5147 sacerdotali
1785 5100 2045 5147 constan-

476 5178 552 5232 tia
576 5176 874 5247 principem
901 5193 1057 5232 suum
1088 5180 1308 5246 adeunt,
1335 5197 1569 5253 cumque
1598 5183 1665 5239 de
1701 5183 1876 5239 salute
1922 5182 2045 5237 ani-

478 5284 579 5316 mm.
610 5284 743 5316 suae-
768 5267 838 5316 d8
858 5280 989 5316 pace.
1012 5268 1244 5316 Ecclesia
1258 5288 1376 5316 rum
1426 5274 1601 5316 εἷρεεεερ
1623 5283 1763 5314 ctntn
1788 5274 1898 5316 moi
1932 5273 2044 5316 [πιρ-

2100 518 2342 573 dicentes
2379 527 2432 574 et
2470 518 2731 574 docentes
2758 519 2955 574 solium
2993 521 3144 591 regni
3189 521 3309 591 ejus
3363 519 3701 576 nullatenus

2100 625 2261 679 posse
2285 610 2537 677 stabiliri,
2567 610 2672 666 nisi
2703 610 2948 667 ﬁrmetur
2962 611 3258 682 justitia-et
3299 611 3680 668 observatione

2101 703 2482 757 mandatorum
2507 701 2622 757 Dei.

2178 792 2438 849 Summus
2476 803 2659 849 autem
2714 794 2804 849 ille
2846 794 3194 850 dominorum
3239 794 3525 862 Dominus,
3579 794 3705 865 quis

2105 887 2255 942 omni
2284 887 2587 957 potentatui
2611 886 2945 953 dominatur,
2974 887 3049 941 ita
3075 887 3395 958 temperavit
3432 887 3680 942 animum

2104 977 2386 1050 principis,
2416 977 2489 1033 ita
2519 978 2784 1048 mitigavit
2801 993 2927 1032 cum
2955 977 3021 1033 ad
3044 978 3208 1034 verba
3246 986 3448 1033 sanctze
3475 977 3701 1032 exbor~

2106 1069 2329 1125 tationis
2354 1077 2416 1124 ut
2444 1068 2593 1123 nulla
2630 1067 2857 1139 juvenili
2904 1076 3210 1125 moveretur
3259 1068 3574 1132 acerbitate,
3603 1075 3685 1133 et,

2107 1161 2254 1231 quod
2282 1162 2337 1216 in
2367 1162 2729 1231 potestatibus
2772 1162 2990 1218 difﬁcile
3019 1172 3122 1229 est,
3178 1163 3327 1218 nulla
3370 1163 3703 1219 sacerdotes

2109 1251 2365 1308 insolenti
2392 1244 2608 1308 labderet
2646 1253 3031 1324 responsione;
3057 1254 3286 1309 multum
3304 1262 3487 1311 tamen
3515 1266 3578 1307 se
3596 1267 3689 1306 ex-

2110 1359 2332 1412 cusans,
2371 1344 2425 1398 in
2450 1345 2556 1401 hoc
2587 1360 2700 1401 suae
2716 1347 2998 1417 potestatis
3019 1345 3164 1402 dono
3191 1346 3396 1401 nullam
3426 1360 3487 1401 se
3528 1360 3690 1400 exer—

2111 1435 2292 1490 cuisse
2317 1435 2683 1502 venalitatcm,
2720 1436 2923 1491 nullam
2954 1453 3118 1508 super
3146 1437 3249 1492 hac
3275 1453 3333 1492 re
3349 1452 3474 1492 cum
3495 1435 3710 1490 eodem

2112 1525 2309 1581 Carolo
2333 1542 2391 1581 se
2420 1527 2689 1598 pepigisse
2737 1529 3169 1584 conventionem.
3227 1525 3285 1583 Si
3325 1527 3458 1598 quid
3505 1534 3715 1581 autem.

2114 1633 2238 1673 cum
2262 1618 2577 1673 domesticis
2606 1627 2661 1673 et
2694 1618 3053 1675 familiaribus
3077 1619 3215 1686 suis,
3258 1626 3482 1690 propter
3530 1632 3691 1687 opem

2116 1709 2545 1777 intercessionis,
2584 1710 2702 1780 ipso
2729 1710 3031 1781 ignorante,
3059 1710 3343 1782 pepigerit,
3385 1724 3551 1765 suum
3582 1724 3693 1770 non

2052 1803 2094 1856 B
2119 1815 2239 1856 esse
2259 1815 2536 1868 accusare,
2563 1802 2648 1855 vel
2661 1818 2942 1857 excusare.
2968 1799 3083 1857 lloc
3102 1802 3216 1873 ipse
3237 1801 3450 1856 viderit.
3468 1799 3546 1855 De
3561 1801 3697 1856 dex-

2120 1900 2229 1946 tera
2262 1907 2392 1948 vero
2422 1909 2541 1961 sua,
2570 1910 2731 1965 quam
2761 1894 2836 1949 illi
2863 1902 3081 1965 propter
3104 1894 3383 1964 antiquam
3410 1894 3464 1948 in
3489 1907 3705 1964 praepo-

2119 1982 2290 2038 situra
2324 1983 2754 2041 benevolentiam
2804 1986 2990 2058 gratim
3028 2001 3141 2041 suae
3179 1986 3382 2041 donum
3429 1985 3696 2056 porrexit,

2119 2089 2337 2130 omnem
2367 2075 2609 2131 avaritiae
2631 2076 2805 2131 labem
2831 2077 2970 2131 dixit
3006 2092 3063 2132 se
3099 2084 3407 2142 excutere,
3438 2085 3493 2131 et
3546 2077 3727 2146 quod.

2120 2166 2235 2238 ipse
2262 2166 2581 2237 simpliciter
2610 2165 2736 2223 fecit
2762 2167 2809 2223 si
2842 2167 2930 2222 ille
2961 2183 3172 2223 veneno
3195 2165 3430 2234 alicujus
3473 2165 3700 2219 malitia:

2120 2266 2445 2329 corruperit,
2477 2272 2537 2315 se
2564 2259 2637 2315 o‘u
2657 2257 2710 2314 id
2739 2259 2935 2315 divinae
2956 2259 3184 2330 justitia:
3213 2258 3358 2313 nolle
3399 2257 3707 2312 contraire.

2191 2349 2301 2405 Hac
2331 2360 2512 2406 autem
2540 2350 2745 2407 salubri
2773 2351 3228 2407 sermocinatione
3269 2365 3394 2404 cum
3446 2348 3704 2404 sacerdo—

2122 2441 2268 2495 tibus
2292 2442 2498 2508 habita,
2525 2456 2649 2497 cum
2671 2441 2752 2497 cis
2765 2441 2915 2496 venit
2930 2440 2985 2495 in
3008 2439 3319 2495 concilium.
3349 2436 3416 2492 Et
3438 2437 3529 2491 ille
3551 2435 3701 2491 Con-

2123 2532 2437 2588 stantiensis
2457 2532 2774 2603 designatus
2820 2531 3199 2586 intromittitur
3239 2530 3307 2584 ad
3346 2528 3713 2583 audiendum-

2122 2620 2337 2676 Adsunt
2381 2622 2543 2676 etiam
2588 2636 2687 2691 pro
2736 2619 2951 2675 foribus
2997 2618 3448 2674 Constantienses
3494 2615 3703 2678 clerici,

2123 2713 2462 2782 postulantes
2481 2728 2579 2783 per
2610 2713 2818 2785 legatos
2865 2720 2924 2767 ut
2972 2720 3025 2765 ct
3069 2710 3170 2780 ipsi
3217 2715 3560 2764 mererentur
3610 2707 3706 2760 ad-

2123 2804 2287 2859 mitti.
2320 2800 2473 2860 Tunc
2493 2819 2624 2859 vero
2652 2804 2864 2859 videres
2893 2802 3170 2857 laetissima
3197 2808 3400 2860 sanctae
3444 2795 3709 2853 Ecclesiae

2126 2895 2321 2965 gaudia
2350 2906 2405 2951 et
2430 2910 2559 2951 vera
2585 2894 2774 2951 mundi
2799 2893 3119 2949 convenisse
3148 2891 3460 2955 luminaria,
3485 2887 3727 2959 quando:

2127 2988 2577 3061 circumfulgebat
2621 2987 2820 3044 nobilis
2857 3001 3061 3043 corona
3107 2998 3389 3040 sacrorum
3425 2981 3727 3045 ordinum-

2127 3081 2266 3135 vivis
2286 3086 2556 3150 gemmata
2580 3077 2852 3148 lapidibus
2890 3073 3095 3130 Christi
3151 3072 3518 3137 sacerdotum,
3564 3068 3713 3123 velut

2129 3169 2433 3241 fulgoribus
2445 3167 2762 3223 micantium
2786 3171 3085 3222 astrorum.
3108 3159 3262 3217 Tunc
3272 3157 3731 3215 cmlinarrabant'

2131 3258 2357 3330 gloriam
2368 3256 2484 3324 Dei,
2495 3256 2778 3313 etverbum
2793 3251 3203 3310 eruetabatdies
3213 3250 3320 3306 diei
3336 3248 3513 3320 (Ρωι.
3529 3248 3707 3315 xvm)_

2132 3349 2350 3421 quando
2372 3348 2628 3405 sacerdos
2672 3346 2941 3403 sacerdoti
2980 3342 3307 3401 sententiam
3340 3339 3574 3413 justiti:
3613 3354 3716 3394 ex-

2132 3439 2389 3511 ponebat,
2416 3446 2471 3493 et
2498 3445 2745 3494 sanctam
2766 3434 3065 3491 Ecclesiam
3094 3430 3349 3488 salutaris
3394 3444 3591 3485 eorum
3617 3429 3720 3483 do-

2135 3531 2309 3588 ctrina
2321 3530 2642 3586 instruebat.
2656 3527 2810 3584 Tunc
2824 3542 2955 3583 vasa
2965 3524 3247 3581 electionis
3260 3520 3721 3592 supereﬂuebant

2136 3623 2473 3679 ambrosium
2501 3622 2768 3692 liquorem
2797 3618 2973 3675 sancti
2999 3617 3258 3688 Spiritus,
3287 3624 3344 3670 et
3378 3614 3514 3684 justi
3542 3611 3723 3684 fulge-

2139 3715 2271 3770 bant
2292 3713 2434 3769 sicut
2474 3712 2728 3783 splendor
2772 3707 3099 3765 ﬁrmamenti
3152 3705 3313 3778 (Dan.
3341 3704 3444 3774 xu)
3494 3702 3723 3775 quando

2138 3807 2446 3863 sacerdotes
2496 3803 2710 3859 Domini
2762 3801 2926 3857 verba
2982 3798 3281 3869 sapientiae,
3335 3790 3490 3850 velut
3538 3793 3725 3848 nubes

2140 3898 2417 3969 pluebant,
2447 3905 2502 3952 et
2526 3895 2691 3952 corda
2725 3891 3063 3949 audientium
3096 3889 3245 3945 velut
3272 3896 3478 3943 terram
3521 3883 3727 3940 frumi-

2141 3987 2313 4044 feram
2338 3988 2406 4043 ad
2430 3984 2846 4057 geminandum
2877 3980 3255 4037 infundebant.

2216 4079 2312 4136 His
2337 4094 2466 4148 ergo
2492 4078 2565 4132 ita
2591 4074 2873 4145 dispositis
2895 4082 2949 4127 et
2976 4071 3148 4142 digito
3170 4069 3267 4124 Dei
3297 4066 3585 4123 ordinante
3607 4065 3725 4121 diss

2145 4170 2349 4237 tinctis,
2387 4168 2602 4239 utrique
2631 4167 3012 4230 admittuntur,
3043 4162 3336 4234 praedictus
3383 4158 3595 4215 scilicet
3622 4156 3720 4211 Ca-

2144 4264 2318 4330 rolus,
2347 4270 2401 4318 et
2422 4261 2478 4317 hi
2512 4259 2605 4331 qui
2634 4256 3074 4316 accusationibus
3099 4253 3388 4325 pulsabant
3404 4263 3714 4321 personam.

2144 4356 2328 4411 Prima
2368 4350 2854 4423 actioneregularis
2872 4349 3127 4421 praelatus
3171 4339 3719 4401 ConstantiensisEc-

2145 4448 2327 4505 clesia:
2339 4445 2565 4517 protulit
2586 4444 2826 4500 libellum
2855 4438 3241 4503 accusationis,
3264 4436 3321 4491 in
3349 4449 3461 4507 quo
3481 4434 3741 4490 contine--

2135 4539 2340 4601 bantur
2361 4551 2541 4593 causa;
2557 4534 2754 4606 quibus
2794 4533 3050 4603 indignus
3060 4529 3371 4595 haberetur,
3386 4525 3737 4596 etjudicare-A

2143 4639 2235 4687 tur
2244 4636 2585 4687 sacramento
2596 4625 2909 4698 apostolicae
2916 4620 3333 4679 benedictionis.
3347 4616 3592 4685 Quarum
3603 4615 3739 4685 prii»

2146 4741 2235 4781 ma
2268 4732 2322 4780 et
2340 4723 2580 4779 maxima
2603 4727 2741 4789 erat,
2774 4718 2921 4790 quod
2947 4715 3198 4786 exemplo
3231 4712 3482 4784 magistri
3504 4712 3592 4768 sui
3632 4709 3717 4765 Si-

2147 4816 2330 4872 monis
2355 4813 2621 4886 pestiferi,
2652 4827 2751 4882 per
2777 4808 3066 4880 pecuniam
3088 4802 3567 4861 invasissetsedem
3586 4818 3601 4867 ;
3617 4815 3718 4855 ca:-

2148 4918 2264 4963 tera
2291 4907 2496 4971 omnia,
2526 4919 2650 4975 quae
2670 4903 2745 4959 ibi
2773 4899 3111 4972 legebantur,
3163 4893 3574 4967 proclamabant
3598 4891 3715 4944 vio-

2148 4999 2349 5054 lentam
2376 4997 2619 5067 ejusdem
2648 4992 2904 5051 Ecclesize
2947 4987 3397 5047 devastationem.
3448 4983 3541 5039 ille
3578 4981 3713 5036 idem

2148 5092 2406 5160 praelatus
2437 5097 2490 5143 et
2526 5086 2724 5143 fratres
2747 5086 2867 5155 ejus
2893 5082 2990 5152 qui
3039 5081 3265 5136 aderant
3315 5078 3446 5132 item
3486 5075 3715 5130 oderunt

2150 5197 2263 5238 suae
2292 5178 2692 5237 testiﬁcationis
2719 5176 2952 5240 libellos,
2976 5173 3034 5227 in
3056 5170 3257 5241 quibus
3276 5167 3499 5239 singuli,
3522 5177 3712 5219 nomen

2151 5282 2201 5314 ot
2230 5272 2462 5314 (impium
2500 5286 2658 5312 annm
2687 5268 3052 5312 dmirmantps-
3102 5259 3364 5310 nnidnuid
3411 5254 3713 5308 accusando
