3996 5474
202 241 350 301 Ηδτ

1085 242 1374 299 APPEND.
1415 241 1506 297 lll.
1543 272 1621 285 --«
1650 236 2088 296 MONUMENTA
2124 233 2590 293 GREGORIANA.

3336 234 3477 291 1458

196 353 331 393 cens
350 335 494 407 quod
519 336 643 407 ejus
665 331 912 392 infamiae
935 344 1066 393 nota
1105 347 1296 394 essent
1340 335 1600 408 respersi,
1644 333 1793 406 quod
1818 334 1866 392 A
1891 347 1989 403 gos
2012 332 2204 386 eorum
2232 330 2446 385 labores
2479 338 2592 384 tam
2622 327 2850 401 inopino
2877 326 3190 385 terminavit
3218 342 3479 400 compen-

195 443 299 485 ncc
326 442 406 497 se,
436 444 538 485 nec
564 444 897 503 quemquam
921 428 1092 485 alium
1121 438 1351 500 possent
1399 428 1660 485 canonica
1695 442 1788 482 ac-

193 534 412 575 cusare.
440 516 716 592 Adjungit'
741 536 1037 593 quoquese
1067 520 1253 575 omnia
1283 519 1496 590 objecta
1539 517 1787 591 synodali

190 611 403 683 judicio
431 620 820 683 purgaturum;
845 624 899 669 et
924 612 980 671 ia
1003 612 1262 667 omnibus
1292 611 1497 682 quibus
1520 626 1647 666 eum
1682 609 1787 664 im-

192 704 452 775 petcbant
476 719 536 761 se
557 719 682 762 esse
705 704 1011 761 innoxium.
1044 704 1408 777 Longaigitur
1433 703 1787 761 altercatione

192 795 327 851 hinc
354 796 481 852 inde
508 796 874 867 disceptatum
904 806 1008 864 est,
1031 806 1088 853 et
1116 795 1304 853 multis
1335 806 1449 852 tota
1483 796 1572 852 die
1594 796 1652 851 in
1687 795 1780 852 ad-

190 902 417 942 versum
466 887 788 957 nitentibus,
838 902 1016 959 usque
1060 888 1116 944 in
1185 887 1513 959 profundam
1567 897 1817 964 noctem“

190 979 491 1036 concilium
520 988 855 1049 pertractum
889 989 995 1047 est,
1032 980 1163 1036 dum
1200 980 1343 1036 inter
1372 980 1575 1036 multos
1607 978 1786 1034 ambi-

188 1071 342 1142 gitur
367 1071 436 1127 de
459 1086 691 1128 numero
717 1082 1105 1129 accusatorum
1134 1081 1192 1127 et
1225 1072 1467 1139 testium,
1500 1072 1629 1127 dum
1657 1071 1782 1126 lon-

188 1177 254 1234 ga
285 1161 678 1220 deliberatione
702 1164 967 1235 quaeritur
987 1164 1257 1235 judicium
1285 1174 1492 1232 utrum,
1510 1163 1600 1220 isti
1624 1163 1785 1219 liceat

186 1268 542 1311 seexcusare
567 1255 835 1312 adversus
880 1257 1288 1316 accusationem
1337 1256 1591 1312 istorum.
1641 1254 1783 1311 Dum

185 1359 278 1400 res
331 1345 476 1402 inter
518 1346 717 1403 fratres
760 1347 1071 1404 diutissime
1109 1347 1420 1415 disseritur,
1462 1348 1781 1416 concilium,

186 1447 413 1508 propter
438 1438 822 1510 intempestam
856 1451 1073 1497 noctem
1098 1440 1277 1497 adhuc
1295 1440 1417 1496 sine
1442 1454 1626 1511 opere,
1650 1454 1782 1511 pre-

183 1529 263 1586 tio
296 1530 600 1587 dirimitur.

251 1621 401 1689 Quid
430 1633 614 1680 autem
639 1624 755 1695 ipse
776 1625 1014 1683 Carolus
1047 1640 1233 1683 secum
1262 1625 1351 1680 illa
1381 1633 1542 1682 nocte
1583 1623 1776 1697 egerit,

1885 425 2003 490 dio,
2030 430 2252 478 orantes
2276 430 2330 477 et
2357 423 2712 492 deprecantes
2740 428 2801 476 ut
2828 421 2895 476 de
2916 436 3085 493 regno
3100 436 3203 476 suo
3231 420 3477 478 eliminet

1884 530 2102 572 omnem
2150 515 2486 586 apostasiam
2541 523 2595 571 et
2642 514 2827 570 omnia
2883 513 3163 580 scandala,
3196 528 3298 569 nec
3332 513 3476 572 ultra

1887 610 2145 666 Satanam
2171 591 2399 680 ejusque
2423 608 2699 681 apostolos
2721 608 2776 662 in
2797 623 2897 663 sua
2919 614 3110 662 sancta
3146 621 3373 677 regnare
3399 605 3476 662 si-

1883 713 1979 758 nat
2011 702 2300 769 Ecclesia;
2326 702 2420 757 sed
2451 702 2505 759 in
2530 701 2789 757 omnibus
2836 697 3081 755 consiliis
3130 706 3185 753 et
3217 698 3477 768 operibus

1884 811 2076 851 eorum
2107 795 2361 869 dignetur
2386 810 2575 851 servos
2601 808 2736 850 suos
2758 790 3139 857 consolari,'et
3180 788 3476 844 clementer

1883 888 2111 960 implere
2128 887 2277 959 quod
2311 886 2569 953 Ecclesia:
2618 902 2733 943 suae
2762 900 2821 941 se
2860 883 3111 955 promisit
3153 879 3469 937 adfuturum

1882 983 2141 1038 omnibus
2168 980 2363 1038 diebus
2387 995 2561 1052 usque
2595 980 2662 1037 ad
2711 976 3239 1035 consummationem
3285 975 3473 1031 saeculi

1884 1074 2102 1147 (Matth.
2129 1073 2346 1144 xxvm).

1955 1167 2244 1224 Communi
2284 1175 2465 1222 autem
2492 1165 2712 1221 decreto
2748 1162 3072 1234 praecipiunt
3116 1175 3238 1231 quae
3278 1159 3332 1214 in
3371 1159 3474 1215 hac

1880 1262 2088 1333 synodo
2114 1267 2266 1332 gesta
2301 1254 2833 1313 suntecclesiasticis
2857 1252 3025 1308 inseri
3055 1251 3244 1323 gestis,
3303 1257 3357 1305 et
3416 1250 3472 1304 in

1880 1354 2119 1411 arcltivis
2145 1362 2349 1409 sanctte
2376 1349 2707 1421 Moguntinm
2732 1346 2990 1403 Ecclesia:
3013 1345 3219 1401 servari
3247 1344 3313 1398 ad
3352 1358 3474 1413 pcr-

1879 1458 2099 1518 petuam
2127 1443 2449 1500 memoriam
2479 1451 2533 1497 et
2563 1440 2926 1497 eruditionem
2966 1446 3210 1492 venturae
3238 1434 3474 1506 posteri-

1880 1540 2031 1607 tatis,
2080 1549 2141 1595 ut
2180 1538 2285 1593 hoc
2320 1534 2591 1605 majorum
2625 1532 2875 1603 exemplo
2929 1531 3171 1585 minores
3216 1527 3470 1583 instructi

1878 1646 1989 1685 non
2028 1629 2258 1684 timeant
2282 1626 2558 1690 resistere,
2602 1624 2646 1679 si
2685 1623 2740 1677 in
2787 1620 3101 1692 lutjusmodi
3151 1618 3371 1689 negotio
3412 1633 3472 1674 se

182 1711 388 1781 quibus
414 1715 864 1771 retractationum
880 1716 1201 1773 verberibus
1216 1732 1362 1773 ream
1383 1715 1777 1773 conscientiam
1813 1722 1854 1777 Β
1881 1719 2115 1774 viderint
2144 1715 2495 1788 przegravari,
2526 1713 2831 1770 certissime
2857 1711 3092 1767 scientes
3138 1710 3289 1763 nullo
3304 1709 3473 1763 modo

182 1801 555 1875 flagellavcrit,
580 1821 818 1877 sequens
844 1807 1036 1878 utique
1057 1808 1177 1864 dies
1202 1807 1518 1864 declaravit.
1545 1805 1779 1875 Nam,ut

180 1909 243 1950 ex
278 1896 403 1966 ipso
423 1896 620 1954 effectu
648 1909 813 1970 gestae
835 1900 913 1956 rei
942 1900 1159 1970 probari
1182 1911 1380 1974 potest,
1420 1915 1548 1956 vere
1595 1900 1778 1956 credi-

181 2001 304 2042 mus
331 1989 482 2058 qnod
516 1988 662 2047 Deus
695 1991 1049 2048 conscientite
1096 1992 1264 2063 judex
1287 1992 1583 2050 ettestisin
1614 1993 1779 2049 corde

180 2091 282 2131 suo
310 2076 523 2134 sederit
549 2094 651 2150 pro
685 2081 966 2149 tribunali,
999 2091 1198 2139 etcum
1229 2096 1296 2138 eo
1314 2082 1623 2149 exercuerit
1643 2097 1776 2138 cen-

179 2184 370 2226 suram
390 2172 588 2242 judicii
614 2175 720 2242 sui,
751 2176 843 2232 ubi
870 2178 1076 2248 peccati
1106 2179 1466 2247 conscientia,
1491 2179 1778 2251 cogitatio-

179 2275 312 2316 num
341 2265 727 2320 accusantium
750 2281 862 2322 uon
890 2268 1275 2325 cxcusantium
1318 2270 1656 2338 testimonio,
1707 2285 1777 2327 ne

179 2353 395 2409 veritati
419 2364 476 2411 et
503 2357 750 2427 aequitati
777 2359 1080 2427 resisteret,
1118 2361 1376 2419 damnata
1417 2373 1503 2419 est
1540 2372 1598 2418 et
1638 2378 1775 2420 con-

182 2446 392 2502 stricta.
428 2446 488 2503 ln
512 2450 818 2506 crastinum
850 2468 1108 2525 namque,
1151 2454 1371 2524 quando
1415 2455 1775 2525 sperabamus

183 2533 298 2604 qui,
316 2533 481 2604 juxta
520 2538 853 2607 promissum
897 2555 1082 2608 suum,
1134 2543 1347 2612 objecta
1395 2552 1672 2615 purgaret,
1720 2553 1776 2600 ct

182 2625 602 2682 consecratione
622 2627 849 2699 dignum
873 2630 1242 2688 innocentiam
1271 2648 1427 2689 suam
1466 2642 1776 2690 monstran-

179 2714 327 2771 dose
349 2718 633 2787 probaret,
655 2720 747 2777 ille
766 2722 880 2792 jam
922 2733 1121 2780 mente
1152 2725 1440 2792 confusus,
1482 2742 1593 2781 non
1631 2729 1774 2785 ultra

179 2803 356 2863 ferens
382 2820 672 2879 aspectum
699 2813 945 2881 concilii,»
967 2823 1023 2870 et
1043 2815 1274 2873 interius
1316 2816 1616 2887 judicatus,
1663 2835 1774 2876 non

178 2904 328 2953 extra
342 2900 634 2957 sustinens
656 2905 876 2973 pondus
903 2906 1244 2965 imminentis
1253 2908 1470 2979 judicii,
1494 2910 1775 2968 ultraneus

176 2984 292 3056 ipse
334 2988 392 3043 in
442 3004 501 3046 se
525 2994 853 3050 sententiam
898 2996 1044 3063 tulit,
1066 3006 1121 3052 et
1161 2998 1427 3054 annulum
1464 3009 1520 3055 et
1541 2999 1773 3059 ferulam

1880 1809 2110 1881 gratiam
2141 1807 2379 1877 Spiritus
2426 1804 2598 1860 sancti
2630 1803 2878 1859 fidelibus
2931 1800 3265 1867 defuturam,
3310 1799 3359 1855 si
3412 1799 3470 1854 in

1880 1901 2167 1958 sanctitate
2197 1909 2251 1955 et
2276 1898 2487 1970 justitia
2516 1895 2812 1954 restiterim
2867 1892 3148 1966 injustitiac
3194 1905 3371 1962 usque
3400 1889 3470 1945 ad

1878 1992 2299 2066 perseverantiae
2327 2005 2611 2047 coronam.

1949 2130 2262 2187 Deccrnunt
2286 2134 2550 2198 praeterea
2573 2139 2638 2181 ex
2664 2123 2889 2194 antiqua
2910 2121 3135 2177 Patrum
3174 2119 3473 2175 traditione

1876 2231 1932 2278 et
1958 2222 2273 2278 autlrcntica
2302 2220 2607 2290 priscorum
2640 2216 2999 2278 conciliorum
3039 2212 3368 2268 rectitudine
3412 2219 3474 2265 ut

1876 2316 1994 2371 inec
2021 2313 2206 2370 omnia
2229 2312 2478 2368 Romano
2504 2308 2751 2382 pontiﬁci
2782 2306 3025 2362 seriatim
3042 2301 3241 2359 litteris
3265 2302 3472 2357 inserta

1876 2403 2220 2470 nuntientur,
2248 2410 2310 2457 ut
2332 2401 2492 2472 cujus
2538 2399 2799 2455 mandato
2827 2405 2882 2452 ct
2921 2396 3143 2450 hortatu
3185 2401 3364 2462 empta
3417 2399 3474 2446 ct

1876 2494 2113 2566 perfecta
2144 2490 2444 2562 sunt.‘ejus
2489 2489 2791 2560 apostolica
2843 2485 3169 2541 auctoritate
3214 2481 3471 2535 roborata

1877 2589 2182 2651 firmentur,
2206 2581 2632 2652 etomnipotenti
2655 2577 2789 2644 Deo,
2814 2576 2907 2646 qui
2933 2573 3180 2629 omnium
3198 2572 3472 2625 bonorum

1877 2684 2070 2731 auctor
2095 2683 2199 2740 cst,
2233 2672 2420 2727 Romae
2450 2680 2504 2726 et
2528 2668 2840 2740 Moguntite,
2870 2676 2925 2721 ct
2951 2664 3265 2730 ubicunque
3294 2668 3472 2715 terra-

1876 2752 2000 2822 rum
2029 2766 2144 2821 haec
2166 2765 2301 2820 lecta
2324 2763 2411 2818 vel
2450 2761 2637 2817 audita
2687 2758 2911 2824 fuerint,
2943 2753 3139 2812 debita:
3162 2753 3468 2825 gratiarum

1878 2858 2126 2917 actiones
2155 2834 2300 2912 fideli
2338 2854 2630 2911 devotione
2658 2852 2964 2909 solvantur.

1953 2994 2088 3049 Acta
2109 2999 2238 3047 sunt
2263 2998 2443 3046 autem
2461 2988 2578 3043 haec
2605 2985 2748 3057 apud
2763 2979 3098 3054 Moguntiam
3122 2974 3470 3045 metropolim

175 3077 513 3145 pastoralem
532 3080 584 3136 ei
609 3096 640 3138 a
665 3098 778 3153 quo
806 3084 1009 3155 injuste
1033 3096 1324 3157 acceperat
1345 3088 1653 3161 resignatis,
1684 3106 1775 3147 sa-
1801 3083 1842 3142 (ἶ
1875 3082 2175 3140 Orientalis
2210 3080 2479 3147 Francite,
2522 3092 2668 3134 anno
2707 3077 2778 3132 ab
2819 3071 3203 3129 lncarnatione
3250 3065 3473 3123 Domini

176 3168 464 3226 cerdotum
492 3186 645 3242 spem
671 3182 727 3229 et
748 3183 980 3244 metum,
1013 3192 1178 3248 quem
1228 3192 1330 3248 pro
1378 3193 1446 3233 eo
1472 3179 1769 3250 gerebant,

174 3257 354 3316 labore
378 3261 653 3335 longioris
684 3267 1010 3337 qumstionis
1046 3268 1301 3336 absolvit,
1344 3269 1564 3341 culpam
1610 3286 1772 3327 suam

176 3365 285 3407 uno
309 3361 510 3425 tegens
530 3357 696 3425 pallio
717 3359 1110 3428 excusationis,
1137 3361 1305 3431 quod,
1327 3360 1482 3431 juxta
1528 3360 1775 3419 decreta-

173 3438 244 3499 lia
269 3441 559 3501 leestini
583 3461 755 3518 papae,
781 3450 1056 3520 episcopus
1090 3450 1212 3504 dari
1237 3450 1399 3506 nollet
1423 3450 1626 3506 invitis.

242 3531 510 3591 Videntes
541 3548 726 3595 autem
775 3542 1111 3598 sanctissimi
1157 3543 1466 3600 sacerdotes
1500 3543 1773 3614 magnalia

177 3639 297 3695 quae
324 3624 457 3684 fecit
483 3627 838 3699 Dominus,ct
865 3632 1009 3688 fideli
1031 3634 1394 3691 admiratione
1416 3643 1773 3692 retractantes

178 3733 341 3790 quam
372 3720 951 3794 incomprehensibilia
976 3727 1087 3782 sint
1104 3726 1311 3798 judicia
1332 3729 1453 3799 ejus
1480 3737 1534 3782 et
1555 3726 1777 3782 investi-

177 3810 383 3880 gabiles
411 3813 519 3869 vite
550 3815 672 3886 ejus
702 3817 876 3889 (Rom.
909 3818 1011 3889 ιι),
1037 3819 1201 3875 corde
1238 3827 1292 3874 et
1337 3834 1452 3886 ore,
1490 3826 1545 3874 et
1587 3818 1770 3873 omni-

179 3898 337 3965 moda
365 3904 658 3963 devotione
682 3908 1010 3968 benedicunt
1037 3909 1150 3967 Deo
1181 3910 1473 3978 altissimo,
1518 3910 1613 3982 qui
1646 3910 1772 3965 lon-

200 4047 1521 4077 Μ

1525 4061 1565 4072 ..

1876 3177 2037 3244 1071,
2076 3175 2373 3232 indictione
2401 3188 2521 3241 vtn,
2553 3186 2686 3226 xvtn
2715 3165 3017 3238 Septemb.,
3072 3168 3339 3234 regnante
3382 3173 3474 3215 sc-

1875 3271 2169 3329 renissimo
2225 3267 2485 3324 Heinrico
2532 3279 2663 3336 rege
2703 3260 2870 3331 hujus
2893 3255 3137 3313 nominis
3174 3251 3267 3321 IV,
3321 3264 3472 3306 anno

1874 3362 2026 3434 regni
2067 3359 2188 3431 ejus
2212 3374 2334 3424 xm,
2362 3352 2727 3412 ordinationis
2772 3364 2901 3406 vero
2928 3346 3175 3418 ejusdem
3189 3357 3304 3399 xvn
3325 3340 3472 3412 apud

1875 3433 2234 3526 blogttntiam,
2263 3463 2395 3505 vero
2420 3447 2750 3519 prmsulante
2771 3437 3218 3499 reverentissimo
3240 3433 3474 3506 primate

1878 3523 2104 3611 Sifrido,
2133 3556 2279 3599 anno
2309 3535 2676 3597 ordinationis
2703 3533 2826 3604 ejus
2854 3546 2953 3598 ιιι,
2984 3542 3148 3599 super
3170 3523 3356 3581 omnia
3378 3536 3475 3577 au-

1877 3646 1990 3693 tem
2023 3641 2284 3706 regnante
2306 3628 2543 3686 Domino
2566 3633 2765 3684 nostro
2783 3622 2914 3679 Jesu
2950 3619 3194 3685 Christo,
3224 3615 3320 3706 cui
3360 3628 3471 3669 non

1877 3704 2231 3781 accedit—cras
2258 3721 2531 3786 futurum,
2560 3733 2665 3774 nec
2715 3713 2929 3776 recedit
2964 3710 3082 3767 heri
3109 3704 3470 3780 praeteritum,

1877 3817 1970 3872 sed
1994 3821 2278 3886 permanet
2298 3811 2693 3882 sempiternum
2725 3806 2976 3873 bodie,et
3009 3804 3069 3860 in‘
3115 3796 3319 3858 szecula
3364 3808 3471 3852 sa:-

1881 3905 2157 3971 culorum,
2189 3902 2384 3956 Amen.

1525 4027 3464 4086 μ

1054 4176 1790 4295 EPISTOLZE
1877 4169 2594 4290 SIGEFRIDI

1451 4374 1763 4434 EPISCOPI
1799 4368 2185 4431 MOGUNTINI

579 4508 730 4600 AD
799 4510 1630 4603 ALEXANDRUM
1708 4509 1799 4598 II

1874 4508 2028 4596 ET
2098 4500 2812 4598 GBEGORIUM
2882 4500 3064 4595 V-Il

1419 4657 1670 4714 PONTIF
1675 4656 1831 4713 lCES
1865 4654 2201 4712 MAXIMOS.

607 4771 769 4846 (Vide
794 4774 1123 4845 Patrologt'a:
1155 4784 1282 4831 tom.
1318 4750 1461 4831 CXL
1475 4772 1574 4842 VI,
1626 4775 1683 4828 in
1707 4771 2015 4843 Alexandro
2045 4768 2100 4838 Ι,
2123 4762 2381 4840 είδιιρνα,
2408 4767 2567 4838 hujus
2594 4767 2725 4822 tomi
2752 4763 2854 4820 col.
2882 4761 3047 4834 735.)!

201 4870 3471 4919 Μ

557 5008 1141 5104 EPISTOLA
1212 5011 1561 5101 CLERI
1638 5008 1789 5096 ET
1858 5002 2307 5098 POPULI
2387 4999 3101 5094 MOGUNTINI

1092 5162 1204 5223 AD
1246 5157 1742 5225 SIGEFRIDUM
1785 5152 2509 5219 ARCHIEPISCOPUM.

245 5347 391 5405 Patri
417 5363 482 5405 ac
502 5352 713 5421 pastori
743 5366 864 5417 suo,
893 5366 1055 5421 quam
1079 5349 1378 5405 venerabili
1404 5358 1520 5409 tam
1551 5351 1768 5412 deside-

178 5441 327 5474 νοιλῖίῖ
392 5440 517 5474 cura
533 5458 619 5474 una
655 5443 1025 5474 Λιοηιιῖηυιηιοηιῖ
1082 5458 1209 5474 Aunus
1238 5458 1454 5474 hanno-nn
1477 5447 1598 5474 ηε...-
1653 5443 1731 5474 an:
1754 5472 1759 5474 _

1873 5348 2010 5404 nimi
2038 5343 2328 5402 devotione
2348 5339 2571 5396 sedulas
2598 5337 2907 5409 orationes,
2932 5351 3137 5407 easque
3155 5350 3282 5392 cum
3303 5335 3498 5402 lacryv

1878 5441 1982 5474 mh
2022 5438 2184 5474 ρηιςιη
2214 5432 2591 5474 ἰηιηρηείηιιρςι.
