3996 5474
537 208 681 276 νῶθ’

1444 215 1592 272 ,ιω
1625 214 1858 274 orem
1896 219 1956 276 s.
1994 220 2323 279 esseom:
2359 201 2808 280 APPENDICES.

3672 224 3820 282 me

532 335 632 406 pti,
659 351 756 406 per
793 305 1125 405 pastoralem
1154 307 1342 388 curam
1381 347 1490 403 qua
1518 333 1616 389 tibi
1639 350 1832 392 sumus
1856 313 2119 394 commis-
2149 341 2196 398 Α
2220 353 2319 409 pra
2348 337 2522 394 multa
2548 337 2924 406 constituitur,
2947 345 3002 393 et
3027 337 3339 395 beatiﬁeum
3375 340 3610 396 audiens
3641 338 3814 411 Euge,

533 427 582 483 si
623 427 834 499 (1461),
860 441 956 497 per
985 426 1330 482 tremendum
1381 425 1606 496 superni
1643 427 1794 500 regis
1823 428 2117 500 judicium,

533 533 740 589 perque
761 519 894 574 illud
920 518 1162 574 terribile
1181 518 1419 576 tribunal
1440 519 1530 576 cui
1557 519 1614 576 in
1635 520 1725 578 die
1738 521 1932 592 judicii
1957 524 2122 581 debes

534 606 734 678 astare,
761 619 816 666 et
839 610 906 666 de
927 611 1086 667 nobis
1107 609 1350 682 Principi
1387 620 1671 684 pastorum
1706 615 1973 671 rationem
1997 616 2135 672 red-'

533 701 681 769 dere,
718 711 778 756 ut
818 703 1136 760 memineris
1166 703 1274 760 diei
1303 704 1452 762 illius
1473 705 1529 761 in
1565 721 1676 777 qua
1700 706 1899 764 divinae
1927 723 2123 764 conse-

533 794 794 852 crationis
821 787 943 852 oleo
968 797 1244 854 delibutus
1269 798 1562 870 suscepisti
1591 815 1782 856 curam
1810 801 2121 857 animarum

532 895 870 957 nostrarum,
897 897 952 944 et
992 891 1048 945 in
1079 891 1436 962 apostolicam
1465 902 1751 965 promotus
1787 893 2123 952 benedictio-

525 995 678 1049 nem,
720 981 840 1038 vice
864 981 1091 1052 Christi,
1125 983 1308 1043 factus
1340 1001 1401 1042 es
1432 995 1619 1058 pastor
1661 989 1868 1056 ovium,
1914 990 2123 1047 scilicet

527 1073 750 1141 quando
777 1075 940 1132 datus
959 1077 1164 1134 esttibi
1190 1080 1429 1136 annulus
1467 1081 1912 1153 desponsationis
1936 1081 2122 1140 Eccle-

529 1165 628 1222 sia:
648 1176 703 1223 et
725 1167 955 1226 baculus
977 1172 1267 1242 pastoralis
1293 1188 1460 1242 curm,
1482 1174 1741 1246 accepisti
1767 1189 1990 1247 quoque
2009 1177 2122 1233 cla-

527 1273 624 1315 ves
665 1262 818 1333 regni
845 1265 1131 1332 caelorum,
1165 1273 1219 1320 et
1257 1265 1610 1337 judiciariam
1653 1269 1835 1324 sedem
1861 1267 1917 1324 in
1937 1268 2119 1328 ebore

529 1344 922 1423 apostolorum.
977 1357 1308 1426 Recordare,
1363 1375 1573 1430 quaeso,
1615 1361 1764 1418 illius
1816 1361 2121 1420 dulcissimi

531 1434 702 1516 rerbi,
747 1449 898 1519 quod
935 1450 1034 1505 tibi
1072 1451 1264 1507 eadem
1309 1452 1397 1508 die
1424 1453 1632 1509 dictum
1669 1463 1774 1523 est,
1820 1463 1880 1510 ut
1906 1454 2122 1528 semper

531 1541 852 1598 memineris
903 1541 998 1598 Dei
1021 1551 1074 1599 et
1105 1544 1352 1614 ejusdem
1401 1545 1528 1602 diei.
1566 1545 1612 1603 Ο
1647 1555 1821 1619 pater,
1877 1565 1978 1605 cur
2018 1565 2123 1606 nos

531 1631 898 1706 deseris?_aut
933 1637 1023 1692 cui
1050 1653 1149 1692 nos
1187 1637 1464 1696 desolatos
1487 1640 1788 1712 relinquis?
1815 1640 2006 1698 Nonne
2027 1659 2123 1699 ac-

2223 431 2482 502 gaudium
2507 430 2724 487 Domini
2747 433 2834 488 sui
2860 431 3066 488 intrare
3080 431 3305 502 jubetur
3325 431 3482 502 (Luc.
3499 433 3603 506 In)
3616 433 3642 487 ?
3661 431 3818 490 Nun-

2222 521 2356 592 quid
2398 519 2595 577 Petrus
2641 531 2698 577 et
2716 520 2921 577 Paulus
2957 531 3018 578 et
3058 522 3238 578 caeteri
3274 523 3533 594 apostoli,
3573 539 3814 595 quoru

2221 613 2399 670 cilicio
2421 611 2685 686 fungeris,
2720 613 2804 669 ita.
2829 628 3050 670 eruam
3081 630 3236 670 suam
3271 615 3586 685 bajulantes
3609 631 3813 686 seque-

2221 706 2424 761 bantur
2464 705 2758 760 Dominum
2790 713 2872 773 ut,
2902 706 3164 762 saeculum
3212 706 3612 780 relinquentes,
3644 708 3813 763 relin-

2221 809 2452 870 querent
2475 801 2640 856 etiam
2663 815 2858 857 curam
2887 801 3238 857 animarum?
3261 799 3458 856 Nonne
3485 799 3691 856 Petrus
3711 816 3812 873 pro

2221 891 2500 950 lucrandis
2529 893 2838 960 animabus,
2865 894 3117 964 exemplo
3136 892 3404 964 Magistri,
3427 907 3654 948 erucem
3679 893 3812 949 sub-

2223 983 2322 1039 iit?
2346 983 2414 1041 Et
2441 983 2647 1042 Paulus
2667 984 2847 1057 gladio
2874 984 3144 1041 cervicem
3173 984 3442 1056 praebuit?
3461 981 3662 1038 Nonne
3696 982 3812 1053 ipse

2221 1073 2496 1144 Christus,
2532 1077 2642 1131 vita
2675 1086 2732 1132 et
2776 1075 2928 1132 salus
2956 1083 3170 1141 nostra,
3202 1083 3512 1131 comici-nus
3535 1083 3595 1130 et
3615 1089 3811 1130 coem-

2221 1165 2477 1238 nipotens
2507 1166 2565 1222 in
2589 1166 2716 1222 sinu
2740 1164 2924 1221 Patris
2954 1165 3063 1231 sui,
3105 1164 3374 1221 charitate
3421 1163 3672 1219 salvandi
3712 1164 3812 1218 ho-

2222 1258 2388 1316 minis
2437 1259 2605 1314 homo
2647 1257 2895 1314 mortalis
2943 1255 3122 1314 factus
3153 1267 3240 1314 est
3276 1257 3330 1312 in
3389 1257 3518 1312 sine
3567 1253 3812 1328 Virginis

2224 1349 2452 1407 matris?
2478 1349 2672 1405 Omnis
2695 1349 2857 1416 ordo,
2891 1348 3077 1405 omnis
3096 1347 3359 1420 dignitas,
3388 1345 3576 1402 omnis
3595 1345 3808 1417 profes-

2222 1444 2306 1502 sio
2330 1443 2644 1514 apostolieze
2670 1442 2922 1499 subditur
2949 1439 3234 1513 "dignitati,
3269 1455 3372 1496 nec
3396 1439 3704 1510 quidquam
3728 1448 3810 1495 εει

2223 1535 2280 1591 in
2329 1536 2534 1591 mundo
2557 1535 2888 1591 eminentius
2913 1535 2996 1590 vel
3025 1533 3257 1589 vicinius
3302 1531 3416 1588 Deo
3443 1531 3560 1586 vita
3603 1531 3810 1603 episceo

2222 1627 2363 1697 pali,
2392 1627 2486 1682 cui
2511 1627 2654 1682 'eedlt
2673 1623 2855 1681 omnis
2888 1625 3213 1692 monachus,
3247 1625 3332 1680 vel
3367 1624 3578 1692 minor,
3615 1624 3702 1681 vel
3725 1639 3805 1680 re-

529 1727 724 1796 cepisti
775 1731 1064 1798 annulum,
1101 1740 1162 1788 ut
1199 1730 1500 1790 Ecclesium
1555 1745 1728 1804 tuam,
1759 1738 1909 1794 velut
1952 1753 2122 1810 Spon-
2153 1713 2196 1770 Β
2222 1719 2430 1810 ειυβιξει
2457 1719 2638 1774 multis
2669 1718 2962 1786 οωιῑουίίειι
2995 1718 3077 1775 νει
3107 1717 3356 1773 “emim-

531 1833 672 1885 sam,
694 1817 983 1893 diligeres?
1010 1823 1268 1880 baculum
1298 1842 1540 1898 quoque,
1574 1837 1636 1884 ut
1659 1844 1780 1884 eam
1805 1845 1836 1884 a
1865 1831 2129 1902 luporum‘

531 1909 847 1969 incursione
895 1914 1256 1974 defenderes?
1306 1917 1409 1975 Ubi
1446 1929 1530 1977 est
1581 1921 1822 1980 eharitas
1873 1924 1963 1980 illa
2012 1941 2122 1996 qua

529 1999 786 2062 Christus
823 2023 924 2077 pro
971 2009 1168 2065 ovibus
1198 2011 1315 2068 suis
1342 2012 1586 2070 animam
1618 2030 1776 2071 suam
1826 2017 2045 2087 posuit?
2068 2028 2124 2075 et

529 2095 719 2151 eadem
749 2098 1016 2156 charitate
1043 2099 1142 2158 tibi
1172 2103 1438 2174 regendas
1465 2108 1780 2164 commisit?
1797 2109 1980 2177 Quare
1996 2125 2124 2182 pro-

525 2187 655 2256 jieis
682 2204 714 2244 a
737 2192 994 2249 manibus
1041 2195 1152 2252 tuis
1187 2196 1368 2254 claves
1422 2200 1578 2272 regni
1611 2203 1916 2258 cwlorum?
1941 2202 2125 2272 Quare

531 2288 583 2334 te
611 2279 792 2350 ipsum
834 2285 1083 2360 detrudis
1119 2289 1188 2345 de
1221 2289 1372 2358 sede,
1405 2291 1515 2348 imo
1539 2293 1608 2349 de
1628 2295 1801 2351 ebore
1846 2299 2126 2366 apostolo-

531 2372 1042 2446 rum?0ptaremus
1083 2380 1303 2452 quidem
1342 2392 1452 2440 tua:
1491 2387 1809 2456 paternitati
1841 2397 1901 2443 ut
1923 2405 2122 2447 ascen-v

529 2463 690 2522 deres
712 2467 780 2522 ad
823 2483 884 2524 ea
913 2471 958 2527 si
987 2487 1095 2544 qua
1142 2473 1327 2532 essent
1349 2477 1563 2547 altiora,
1586 2495 1696 2536 non
1727 2489 1780 2537 te
1801 2481 2122 2542 detruderes

529 2557 598 2612 de
632 2563 865 2618 summis
901 2565 971 2621 ad
997 2566 1276 2624 inferiora.
1309 2569 1592 2640 Fatemur,
1625 2573 1806 2642 Pater,
1857 2591 1953 2631 eos
1982 2577 2122 2634 bene

529 2647 712 2707 facere
736 2655 831 2724 qui
859 2659 1128 2714 saeculum
1151 2661 1490 2733 relinquunt,
1522 2665 1747 2736 quique,
1775 2667 1986 2739 seipsos
2015 2669 2122 2727 sibi

533 2743 869 2816 abnegantes
901 2757 958 2804 et
985 2766 1203 2809 erucem
1235 2769 1393 2812 suam
1434 2756 1762 2826 bajulantes,
1803 2769 1930 2829 post
1956 2759 2120 2816 Chriv

531 2844 679 2892 stum
704 2839 938 2909 vadunt;
981 2845 1079 2914 qui
1106 2844 1162 2900 in
1189 2845 1348 2902 vinea
1370 2847 1588 2904 Domini
1629 2849 1870 2908 Sabaoth
1911 2854 2120 2910 nullam

530 2928 746 2984 colendi
767 2945 958 2988 curam
987 2945 1347 3006 acceperunt;
1371 2939 1574 3010 quzbus
1611 2940 1748 2998 satis
1777 2951 1880 3010 est,
1911 2943 1957 2998 si
1993 2953 2119 3000 tan-

532 3030 649 3075 tum
677 3023 894 3092 possint
914 3040 974 3082 se
999 3027 1230 3096 salvare,
1275 3029 1426 3100 quia,
1467 3031 1534 3086 de
1562 3033 1714 3088 nullo
1764 3033 1985 3103 habent,
2015 3036 2121 3092 nisi

526 3112 600 3170 de
626 3129 707 3182 se,
736 3117 1005 3196 rationem
1040 3120 1286 3176 reddere.
1321 3121 1402 3178 Tu
1441 3133 1646 3193 autem,
1691 3124 1874 3194 Pater,
1922 3128 2121 3187 melius

529 3205 677 3276 regis
717 3209 978 3266 sarculum
1009 3227 1175 3282 quam
1201 3213 1500 3286 relinquis;
1548 3219 1876 3289 propensius
1921 3235 2120 3292 seque-

531 3297 612 3353 ris
650 3307 708 3356 et
755 3300 938 3375 diligis
995 3303 1300 3374 Christum,
1349 3309 1395 3364 si
1420 3325 1549 3366 oves
1581 3311 1701 3382 ejus
1738 3313 1940 3382 pascis.
1981 3312 2122 3382 Quia

531 3390 650 3459 ipse
688 3394 1071 3462 probationem
1102 3399 1414 3458 dilectionis
1459 3418 1575 3459 sua:
1603 3403 1656 3458 iu
1685 3405 1976 3474 pascendis
1998 3405 2119 3461 ovi-

529 3482 636 3538 bus
671 3485 787 3540 suis
814 3489 1102 3544 constituit
1135 3490 1326 3548 dicens
1353 3509 1366 3546 :
1403 3493 1464 3548 Si
1483 3495 1668 3566 diligis
1692 3513 1792 3564 me,
1817 3483 1974 3568 posse
2004 3515 2119 3555 oves

536 3590 679 3633 mea;
707 3576 890 3645 (Joan.
925 3581 1060 3652 ut).
1347 3656 1350 3660 η
2105 3575 2108 3578 ’

607 3660 680 3719 Ut
703 3681 858 3739 ergo,
902 3671 1048 3739 salva
1075 3662 1402 3744 reverentia,
1433 3676 1756 3748 dixerimus,
1807 3689 1959 3738 tanto
1988 3673 2125 3740 eon-

533 3754 770 3816 vinceris
797 3759 982 3819 minus
1007 3760 1292 3822 Christum
1331 3768 1556 3842 diligere
1589 3781 1798 3843 quanto
1831 3781 1879 3830 te
1899 3775 2118 3832 subtra-

532 3846 620 3904 his
653 3864 683 3903 a
705 3852 910 3908 credita
935 3855 1033 3911 tibi
1059 3857 1243 3915 ovium
1263 3859 1384 3931 ejus
1407 3863 1675 3939 pastione.
1701 3863 1959 3938 Nunquid
1992 3884 2118 3924 nam

531 3941 740 4032 gratior
767 3944 818 3999 ei
846 3946 952 4002 erit
978 3949 1074 4022 qui
1098 3951 1248 4009 solus
1278 3962 1332 4009 et
1353 3970 1562 4012 vacuus
1583 3973 1616 4012 a
1641 3973 1820 4014 messe
1842 3959 1910 4015 ad
1933 3975 2119 4016 aream

529 4030 750 4102 redibit,
782 4045 877 4091 aut
917 4039 1012 4110 qui
1064 4043 1270 4100 multos
1321 4045 1635 4102 animarum
1686 4051 2018 4120 manipulos,
2065 4061 2122 4108 et

529 4131 822 4194 purgatum
852 4125 1080 4186 zizaniis
1123 4132 1365 4189 triticum
1397 4135 1468 4192 ad
1496 4135 1758 4194 horreum
1788 4139 2004 4196 Domini
2032 4142 2120 4200 sui

528 4217 865 4283 reportabit?
884 4219 998 4277 Cur
1025 4239 1137 4278 non
1167 4227 1474 4285 recordaris
1501 4233 1802 4304 evangelici
1834 4233 1982 4289 illius
2003 4234 2120 4291 dis-

518 4310 834 4374 pensatoris
857 4353 871 4378 ,
909 4315 1004 4384 qui
1031 4358 1046 4382 ,
1080 4333 1207 4372 cum
1247 4318 1434 4377 ﬁdelis‘
1462 4332 1517 4378 et
1561 4325 1802 4394 prudens
1839 4325 2122 4384 distribuit

2295 1807 2340 1866 0
2359 1809 2530 1866 Patch
2558 1809 2922 1877 sanctissime,
2953 1823 3179 1875 oramus
3207 1818 3258 1865 te
3285 1825 3385 1880 per
3406 1807 3588 1864 Deum
3615 1822 3810 1878 perque

2223 1899 2694 1958 salutem'anlmte
2739 1909 2864 1968 tuae,
2899 1908 2960 1956 ut
2997 1891 3188 1955 eorum
3238 1913 3362 1971 qua;
3412 1897 3667 1953 diximus
3685 1897 3820 1952 velis

2225 1987 2521 2062 recordari,
2552 2001 2608 2049 et
2627 1992 2916 2066 vigilanter
2939 1999 3068 2049 ante
3103 1992 3292 2047 oculos
3334 1989 3546 2046 habeas
3577 1989 3818 2045 tribunal

2223 2084 2448 2153 Christi,
2478 2097 2580 2141 nec
2617 2085 2842 2142 deseras
2891 2099 2994 2140 nos
3027 2098 3159 2140 oves
3181 2083 3301 2154 ejus
3329 2097 3474 2153 quas
3523 2080 3815 2152 susupisti

2222 2172 2476 2244 tuendas,
2505 2185 2566 2232 ut
2589 2175 2661 2232 ab
2685 2191 2754 2232 eo
2781 2191 2892 2230 non
2915 2189 3133 2246 pinnam
3166 2172 3535 2252 negligentiae,
3557 2173 3659 2228 sed
3681 2186 3822 2228 mer-

2225 2269 2410 2326 cedem
2457 2268 2780 2326 obedientia:
2805 2267 3064 2338 accipias.
3107 2265 3326 2322 Festina
3353 2265 3423 2321 ad
3455 2265 3654 2320 sedem
3675 2271 3818 2320 tuam

2223 2362 2559 2434 quantocius
2601 2361 2780 2417 redire
2831 2370 2887 2415 et
2919 2374 3037 2426 eos,
3089 2357 3182 2428 qui
3213 2357 3271 2412 in
3299 2357 3454 2412 luctu
3500 2364 3818 2412 etmanere

2223 2465 2374 2523 sunt,
2399 2464 2630 2528 paterno
2655 2452 2852 2509 affectu
2895 2451 3202 2507 consolare.
3234 2447 3357 2504 Jam
3397 2447 3556 2504 enim
3581 2463 3677 2504 res
3703 2445 3816 2517 epi-

2223 2547 2394 2619 scepii
2431 2547 2512 2602 tui
2534 2547 2638 2602 hac
2673 2545 2799 2601 illac
2819 2543 3174 2614 diripiuntur,
3202 2548 3259 2596 et
3291 2537 3470 2595 multa
3501 2537 3620 2595 alia
3648 2537 3719 2592 ab
3739 2535 3814 2592 of-

2223 2639 2492 2696 ﬁcialihus
2520 2637 2667 2710 regis
2713 2633 3077 2703 invaduntur;
3112 2649 3209 2706 per
3237 2631 3512 2703 plurimas
3561 2630 3812 2702 regiones

2222 2741 2348 2789 tuas
2383 2732 2558 2787 multa
2595 2731 2654 2786 fit
2684 2729 3057 2802 perturbatio;
3085 2727 3154 2783 de
3181 2725 3469 2782 invasione
3499 2724 3656 2780 sedis
3691 2731 3810 2788 tu,

2225 2826 2367 2882 inter
2386 2824 2591 2881 multos
2620 2823 2921 2880 contentio.
2954 2819 3100 2886 llzee,
3127 2819 3308 2886 Pater,
3343 2825 3501 2874 tuum
3529 2833 3708 2872 unum
3727 2831 3813 2873 ea-

2222 2927 2322 2989 put
2375 2918 2561 2973 omnia
2602 2916 2834 2973 sedabit.
2889 2913 3000 2970 llas
3040 2929 3232 2970 omnes
3283 2911 3812 2984 perturbationeset

2223 3011 2603 3068 contentiones
2633 3009 2749 3066 sola
2789 3007 3094 3079 praesentia
3115 3005 3290 3062 tua‘in
3321 3009 3520 3077 pacem
3541 3001 3812 3058 νεῖαι-11η-

2223 3102 2322 3160 bit.
2356 3103 2598 3174 Denique
2633 3101 2679 3158 si
2707 3100 2968 3158 Ecclesiae
2986 3099 3123 3157 scita
3145 3108 3200 3154 et
3227 3099 3508 3154 canonum
3526 3095 3659 3166 jura
3687 3108 3804 3165 per-

2222 3196 2444 3252 mittant
2488 3201 2542 3250 te
2579 3195 2764 3251 sedem
2808 3194 2961 3248 (uani
2995 3191 3321 3262 relinquere,
3347 3196 3408 3244 et
3433 3187 3672 3243 alterius
3697 3199 3813 3256 pro»

2222 3285 2481 3344 fessionis
2501 3287 2668 3342 vitam
2706 3285 3010 3351 instituere,
3051 3292 3111 3339 tu
3145 3293 3325 3338 tamen
3355 3279 3538 3336 nihilo
3568 3293 3807 3348 unquam

2221 3379 2336 3437 Deo
2365 3395 2560 3454 posses
2609 3376 2804 3434 melius
2833 3375 3040 3433 servire
3068 3389 3234 3446 quam
3265 3373 3314 3429 si
3358 3367 3810 3427 intentionem-il—

2222 3473 2331 3528 lam
2365 3487 2616 3538 emeres,
2643 3479 2698 3527 et
2730 3470 2914 3526 sedem
2945 3468 3008 3524 et
3025 3455 3400 3538 epiSeopatum
3434 3473 3600 3520 tuum
3628 3462 3699 3518 ab
3733 3460 3809 3517 his

2223 3569 2319 3640 qui
2355 3567 2611 3624 invadere
2636 3567 2831 3622 volunt
2857 3565 3196 3622 defenderes.

2293 3681 2451 3740 Nune
2469 3697 2618 3755 ergo.
2639 3691 2689 3738 te
2727 3679 2947 3738 Patrem
2973 3691 3231 3752 regamus
3261 3689 3364 3732 nos
3399 3673 3521 3742 filii,
3553 3682 3612 3728 te
3634 3681 3810 3744 pasto-

2221 3790 2338 3832 rem
2361 3789 2494 3832 oves
2523 3775 2703 3848 gregis
2741 3773 2821 3829 tui
2855 3779 2916 3828 ut
2951 3768 3280 3843 quantocius
3309 3767 3378 3822 ad
3399 3781 3508 3822 nos
3538 3765 3736 3821 redeas
3761 3773 3810 3820 et

2220 3867 2462 3924 dolorem
2493 3876 2549 3921 et
2582 3865 2898 3921 mmstitiam
2959 3862 3142 3919 cordis
3173 3859 3347 3916 nostri
3402 3857 3709 3914 serenitate
3739 3856 3807 3911 tui

2223 3959 2406 4014 vultus
2459 3958 2728 4028 deterges.
2777 3954 2873 4011 Sin
2923 3960 3128 4019 autem,
3195 3949 3373 4021 primo
3427 3945 3809 4002 invocabimus

2223 4047 2397 4105 Deum
2419 4047 2636 4103 Patrem
2675 4045 2946 4109 omnium,
2978 4039 3368 4097 ineliuabimur
3387 4035 3622 4092 Christo
3650 4033 3806 4090 Priu-

2219 4142 2330 4214 cipi
2363 4151 2668 4214 pastortm,
2695 4137 3074 4210 Apostoiicum
3115 4133 3409 4190 adversum
3435 4141 3488 4186 te
3509 4127 3806 4194 adibimus,

2223 4237 2279 4293 in
2309 4237 2647 4308 adjutorium
2674 4243 2924 4291 nostrum
2974 4229 3355 4286 invocabimus
3401 4240 3628 4282 omnem
3660 4221 3804 4278 ordi-

2222 4345 2346 4386 nem
2376 4339 2431 4386 et
2456 4328 2800 4400 dignitatem,
2834 4325 3041 4382 nullum
3075 4323 3130 4378 in
3159 4329 3275 4377 toto
3303 4334 3474 4390 regno
3509 4333 3676 4388 quem
3700 4329 3804 4369 non

524 4395 750 4496 familiae
769 4401 995 4496 Domini
1017 4410 1102 4464 sui
1135 4411 1303 4496 tritici
1337 4429 1676 4483 mensuram,
1708 4426 1762 4472 et
1809 4409 2004 4474 crediti
2045 4431 2122 4476 ta-
2152 4420 2196 4476 D
2223 4437 2478 4494 rogemus
2507 4395 2876 4487 dimittemus;
2925 4416 3265 4489 episcopum,
3306 4420 3360 4467 te
3386 4410 3628 4475 virente,
3671 4420 3804 4464 nun-

524 4489 657 4546 lenti
690 4492 902 4553 felicem
938 4515 1166 4560 usuram
1187 4489 1458 4576 reportat,
1487 4509 1543 4563 in
1579 4509 1797 4566 modico
1824 4511 2001 4570 fidelis
2025 4505 2120 4568 su-

565 4688 788 4781 ﬁgi-tsi)
823 4692 984 4781 anno
1030 4695 1175 4781 iere
1215 4711 1515 4781 recesserat
1547 4687 1851 4781 Sigefrid'us
1891 4708 1948 4764 in
1978 4707 2110 4764 Clu-

523 4773 786 4844 niacense
829 4772 1258 4844 monasterium;
1311 4772 1579 4844 reliquam
1613 4772 1743 4833 'illic
1771 4779 1940 4835 vitam
1973 4795 2111 4837 con-

523 4840 867 4902 sumpturus.
902 4835 1007 4894 Sed
1031 4854 1062 4894 a
1099 4835 1253 4898 clero
1272 4853 1327 4899 et
1367 4835 1570 4916 populo
1597 4845 1916 4922 Moguntina
1947 4835 2108 4908 revo-

2218 4531 2382 4588 quam
2422 4529 2522 4587 pro
2545 4522 2767 4587 pastore
2799 4509 3130 4582 recipiemus
3147 4503 3588 4564 "mercenarium.

2219 4719 2396 4782 catus,
2429 4711 2611 4768 sedem
2643 4727 2800 4782 suam
2819 4712 3042 4782 recepit.
3073 4709 3149 4768 De
3171 4724 3282 4782 quo
3309 4708 3433 4767 ride
3453 4705 3796 4764 Lambertum

2219 4791 2275 4838 et
2301 4781 2610 4838 Marianum
2643 4782 2698 4838 in
2721 4781 3034 4840 Cltronieis.
