3996 5474
542 295 685 351 1143

1535 291 1627 346 AD
1660 289 1889 347 OPERA
1930 291 1986 347 S.
2017 287 2344 347 GREGORII
2380 285 2827 345 APPENDICES.

3700 291 3832 348 NH

536 420 649 466 tem
698 406 794 463 Dei
823 406 998 478 (Psal.
1038 400 1186 477 ην).
1233 402 1342 461 Sed
1379 404 1472 460 ille
1517 403 1627 460 Vas
1672 405 1988 473 electionis,
2029 405 2122 476 qui
2155 409 2201 466 Α
2229 401 2374 474 (Gal.
2424 404 2485 473 ι).
2525 400 2639 458 Hoc
2669 402 2960 458 anathema
3002 415 3115 458 non
3163 402 3232 459 de
3275 402 3527 474 profante
3572 404 3833 478 novitatis

538 513 715 570 usque
751 502 821 553 ari
857 496 1074 551 tertium
1104 494 1303 550 caelum
1335 502 1524 565 raptus
1561 493 1651 565 (11
1683 493 1806 550 Cor.
1849 495 1973 566 xu),
2012 512 2123 551 non

538 590 841 648 secundum
891 588 1169 669 hominem
1197 630 1213 654 ,
1263 587 1361 643 sed
1409 602 1509 659 per
1546 588 1935 644 revelationem
1992 589 2123 646 Jesu

537 680 744 738 Christi
786 679 1157 753 Evangelium‘
1180 695 1341 735 suum
1372 679 1563 735 didicit
1597 679 1751 752 (Gal.
1784 680 1823 753 ι)
1851 698 1866 748 ;
1915 680 2121 748 Omnis,

538 770 735 841 inquit,
776 769 957 823 anima
977 768 1323 839 potestatibus
1351 768 1752 825 sublimioribus
1788 771 2002 825 subdita
2029 772 2119 826 sit.

539 862 663 917 Non
698 863 837 917 enim
882 870 963 917 est
1012 869 1280 932 potestas,
1319 861 1426 915 nisi
1451 879 1482 915 a
1510 861 1640 917 Deo.
1673 862 1776 929 Qui
1821 871 1999 918 autem
2032 880 2121 918 re-

533 953 678 1006 sistit
716 952 987 1022 potestati,
1022 950 1118 1005 Dei
1158 951 1487 1005 ordinationi
1528 952 1725 1006 resistit
1769 951 1942 1024 (Rom.
1975 951 2119 1025 xm).

535 1041 691 1098 Sicut
711 1043 873 1098 amici
904 1042 1080 1097 nostri
1116 1041 1259 1097 inter
1279 1043 1633 1098 mulierculas
1655 1028 1719 1098 iet
1746 1043 1975 1113 simplex
2000 1044 2122 1098 vul-

533 1151 634 1206 gus
669 1134 965 1201 somniant,
1011 1134 1174 1205 regia:
1216 1135 1468 1204 potestati
1498 1135 1658 1190 subdi
1710 1150 1819 1190 non
1850 1145 2121 1206 oportere,

532 1223 732 1279 falsum
773 1238 896 1279 esse
935 1238 1066 1294 ergo
1105 1223 1252 1294 quod
1309 1239 1528 1278 omnem
1578 1223 1825 1278 animam
1867 1224 2123 1295 potestati

532 1315 692 1370 subdi
736 1322 1005 1385 oporteat.
1056 1312 1162 1369 Sed
1195 1313 1444 1384 nunquid
1477 1312 1693 1371 Veritas
1738 1315 2006 1371 mendacii
2033 1332 2125 1371 ar-

531 1407 742 1477 guenda
770 1407 887 1462 est?
928 1408 1013 1462 An
1055 1402 1491 1478 experimentum
1535 1422 1847 1478 quaeramus
1882 1407 2002 1478 ejus
2028 1407 2124 1480 qui

530 1497 586 1553 in
612 1499 874 1570 Apostolo
899 1499 1245 1569 loquebatur,
1270 1497 1567 1554 Christus?
1594 1497 1683 1569 (11
1712 1497 1837 1554 Cor.
1863 1500 2013 1569 XIII.)
2037 1498 2123 1555 An

528 1591 852 1645 :emulemur
874 1589 1168 1645 Dominum
1182 1590 1206 1645 ?
1220 1588 1477 1661 Nunquid
1502 1589 1759 1645 fortiores
1783 1590 1874 1645 illo
1899 1590 2124 1646 sumus?

528 1679 834 1737 Fortiorem
865 1696 925 1737 se
961 1681 1188 1738 conlidit
1231 1683 1325 1753 qui
1364 1680 1457 1737 Dei
1502 1683 1835 1739 ordinationi
1883 1684 2119 1751 resistit,

2226 494 2472 560 usuario,
2520 494 2615 549 sed
2654 493 2722 548 de
2764 493 2930 548 tertio
2969 493 3211 549 intonuit
3256 494 3418 549 caelo.
3446 493 3531 548 De
3566 477 3697 550 istis
3736 511 3835 551 an-

2227 594 2356 656 tem;
2382 588 2473 658 qui
2499 587 2801 658 ignorantes
2832 585 2933 641 Dei
2950 587 3247 658 justitiam,
3269 596 3318 641 et
3346 597 3650 658 qumrentes
3675 606 3834 643 suam

2162 675 2171 685 ’
2204 687 2483 746 ‘statuere,
2519 680 2750 750 justitia:
2798 678 2897 734 Dei
2942 692 3045 734 non
3083 689 3209 735 sunt
3249 681 3477 750 subjecti
3507 681 3692 750 (Rom.
3736 682 3830 752 x),

2225 772 2549 827 ﬁ-lucialiter
2572 769 2835 826 dixerim:
2871 769 3258 826 Maledicentur
3285 770 3451 844 [forte
3480 771 3829 845 maiedicent]

2225 862 2331 929 illi,
2353 871 2403 917 et
2434 871 2490 916 tu
2530 861 2829 928 benedices;
2858 862 2948 933 qui
2995 862 3283 933 insurgunt
3328 864 3387 916 in
3436 879 3555 929 me,
3600 864 3829 932 confun-

2225 955 2451 1024 dantur,
2495 966 2675 1009 servus
2704 964 2882 1009 autem
2929 963 3051 1011 tuus
3097 955 3371 1011 thabitur
3402 954 3590 1028 (Psal.
3624 957 3780 1028 cvm)
3808 977 3823 1024 ;

2226 1050 2488 1119 quoniam
2527 1048 2610 1122 (ut
2639 1048 2745 1118 ais,
2780 1047 3034 1121 Domine)
3072 1051 3186 1105 sine
3213 1067 3295 1105 me
3323 1050 3459 1105 nihil
3495 1052 3721 1121 potestis
3750 1054 3829 1121 {o-

2224 1157 2339 1194 cere
2368 1138 2549 1210 (Joan.
2571 1140 2701 1210 xv):
2731 1157 2822 1197 nec
2848 1141 3073 1197 damnas
3094 1142 3326 1212 justum,
3352 1143 3828 1213 cumjudicabitur

2226 1231 2310 1286 illi
2360 1232 2536 1305 (Psal.
2582 1233 2795 1306 xxxvi).
2834 1233 2911 1290 Tu
2953 1236 3072 1305 quis
3121 1251 3175 1289 es
3204 1236 3295 1306 qui
3331 1235 3555 1305 judicas
3590 1235 3826 1289 alienum

2225 1338 2428 1378 servum
2446 1326 2472 1380 Ρ
2497 1341 2592 1379 suo
2620 1325 2833 1380 domino
2864 1332 2992 1391 stat,
3018 1334 3109 1379 aut
3141 1326 3284 1379 cadit
3320 1323 3498 1397 (Rom.
3536 1324 3679 1395 xxv).

2622 1457 2776 1514 Finis
2812 1456 3072 1529 Epistolas
3102 1457 3411 1513 Waltrami.

2294 1588 2406 1646 Has
2429 1606 2562 1647 sane
2589 1590 2798 1647 litteras
2820 1591 3112 1664 praedictus
3140 1606 3324 1649 comes
3348 1590 3672 1647 Ludovicus
3701 1607 3822 1647 sus-

2226 1681 2433 1751 cipiens
2457 1723 2472 1749 ,
2512 1692 2709 1739 vocato
2739 1684 2806 1739 ad
2846 1699 2905 1739 se
2947 1684 3243 1740 venerabili
3279 1682 3565 1755 Stephano
3592 1725 3609 1748 ,
3638 1685 3737 1754 qui
3769 1693 3822 1738 et

527 1773 790 1841 quoniam
835 1789 940 1827 non
965 1782 1042 1828 est
1069 1783 1323 1843 potestas,
1355 1774 1459 1828 nisi
1490 1791 1522 1828 a
1553 1773 1682 1829 Deo.
1722 1774 1850 1842 Sed,
1881 1776 2015 1846 quid
2044 1776 2121 1831 ait
2152 1761 2196 1815 Β
2221 1771 2557 1842 Herrandus,
2584 1773 3025 1831 llalverstadensi
3055 1775 3333 1847 episcopo,
3363 1791 3461 1831 eas
3488 1775 3719 1831 tradidit
3739 1776 3819 1831 le-

525 1864 823 1936 prophcta?
853 1864 1268 1936 Confundantur
1307 1882 1485 1921 omnes
1530 1868 1621 1938 qui
1654 1876 1891 1938 pugnant
1934 1868 2119 1923 adver-

525 1972 644 2011 sum
673 1966 744 2025 te,
792 1955 1044 2024 Domine;
1082 1966 1134 2013 et
1162 1957 1406 2025 peribunt
1435 1959 1548 2032 ,υἰνὶ
1594 1959 1685 2022 qui
1727 1959 1979 2014 resistunt
2019 1962 2118 2015 tibi

526 2044 689 2116 (Isai.
722 2048 857 2119 xtl).

596 2140 950 2214 Rodolpbus,
996 2140 1431 2211 Hildebrandus,
1459 2142 1830 2215 Eggebertus,
1858 2153 1913 2199 ct
1954 2143 2118 2199 innu-

522 2233 661 2291 meri
693 2235 990 2306 principes,
1024 2234 1120 2291 Dei
1152 2234 1487 2291 ordinatioui
1522 2235 1577 2290 in
1623 2234 1858 2292 Henrico
1882 2236 2117 2308 impera-

523 2336 643 2380 tore
671 2326 1013 2382 rcstiternut.
1041 2326 1111 2382 Et
1150 2343 1299 2395 ecce,
1336 2327 1496 2398 quasi
1526 2342 1636 2382 non
1667 2326 1903 2395 fuerint,
1940 2327 2118 2399 peric.

521 2424 672 2482 runt,
697 2417 827 2487 quia
856 2416 1099 2487 profecto
1123 2432 1348 2474 necesse
1371 2427 1458 2474 est
1487 2420 1691 2474 malum
1719 2420 1889 2477 fuisse
1918 2422 2118 2491 princi-

522 2505 698 2575 pium,
730 2522 970 2577 quorum
998 2506 1124 2565 linis
1158 2509 1432 2580 pessimus
1461 2510 1790 2567 subsecutus
1823 2521 1927 2566 est.
1959 2509 2117 2569 Nunc

520 2610 672 2669 ergo,
700 2598 963 2668 quoniam
989 2600 1084 2669 qui
1122 2614 1189 2655 ex
1218 2600 1450 2655 adverso
1493 2610 1646 2669 sunt,
1674 2602 1792 2658 suis
1822 2602 2115 2658 adversum

519 2703 622 2745 nos
668 2690 886 2747 eminus
924 2690 1297 2763 digladiantur
1336 2692 1884 2761 ratiocinationibus;
1926 2703 2114 2750 vestro

514 2777 743 2849 judicio,
771 2781 862 2835 ubi
880 2781 995 2852 jus,
1024 2782 1106 2836 vel
1134 2782 1298 2837 etiam
1325 2783 1381 2837 in
1410 2791 1595 2839 vestro
1616 2783 1826 2853 judicio
1859 2797 2116 2841 consera-

517 2886 667 2939 mus,
691 2870 972 2928 domicilio
1003 2881 1215 2929 tantum
1240 2889 1352 2929 non
1387 2890 1490 2929 suo
1520 2876 1795 2943 usurario,
1825 2876 1920 2932 sed
1946 2874 2111 2932 Chri-

518 2961 589 3016 sti
617 2970 673 3017 ct
698 2963 1052 3033 antiquorum
1075 2961 1300 3018 Patrum
1322 2972 1543 3019 utamur
1578 2965 1909 3021 testimonio.
1935 2964 2016 3021 Ac
2044 2980 2114 3022 ne

518 3051 659 3109 forte
683 3064 990 3122 recusctur,
1025 3054 1114 3109 lex
1160 3055 1329 3125 hujus
1365 3063 1486 3111 esto
1526 3058 1875 3124 certaminis,
1905 3059 1991 3113 vel
2020 3073 2109 3114 me

517 3140 573 3196 in
616 3143 943 3214 populorum
996 3145 1233 3200 transire
1277 3146 1642 3213 sententiam,
1686 3147 1773 3201 vel
1803 3162 1869 3203 ex
1911 3156 2105 3203 nostro

514 3232 797 3305 triumpho
827 3249 927 3290 vos
963 3235 1196 3291 Domino
1236 3246 1427 3293 nostro
1453 3237 1768 3309 imperatori
1792 3238 2105 3295 lucrifacia-

515 3340 660 3382 mus.
690 3325 1019 3381 Attendatur
1040 3337 1094 3381 et
1119 3326 1251 3382 illud
1276 3342 1290 3380 :
1330 3325 1391 3382 Si
1419 3328 1537 3398 quis
1567 3328 1727 3382 aliter
1774 3329 2103 3400 euangelizat

512 3424 707 3484 prater
729 3417 869 3487 quod
896 3416 1312 3488 evangelizatum
1357 3426 1437 3473 est
1488 3418 1661 3486 vobis,
1687 3421 1975 3476 anathema
2025 3422 2100 3475 sit

2221 1866 2444 1939 gendas.
2479 1867 2797 1939 rogavitque
2819 1883 2943 1924 eum
2969 1878 3261 1939 quatenus,
3293 1868 3382 1923 his
3412 1868 3669 1939 diligenti
3695 1883 3819 1922 exa-

2219 1957 2521 2014 minatione
2545 1959 2866 2030 perspectis,
2895 1959 3052 2029 juxta
3091 1959 3360 2023 rationem
3391 1958 3653 2014 veritatis
3682 1970 3815 2014 con-

2219 2065 2356 2121 grua
2380 2050 2626 2107 obviaret
2655 2052 3035 2122 responsione,
3058 2059 3114 2106 et
3144 2051 3389 2123 linguam
3419 2050 3815 2122 blaspheman-

2218 2145 2313 2211 tis,
2340 2160 2404 2201 os
2438 2159 2656 2216 quoque
2692 2144 2881 2216 iniqua
2913 2142 3239 2214 proferentis
3265 2150 3462 2198 contra
3495 2142 3774 2213 justitiam
3798 2184 3813 2207 ,

2219 2236 2548 2291 auctoritate
2579 2234 2756 2291 sancti
2794 2233 3035 2305 Spiritus
3064 2275 3079 2301 ,
3114 2243 3170 2289 et
3200 2233 3521 2289 testimonio
3570 2231 3815 2302 Scriptu-

2218 2343 2408 2383 rarum
2432 2328 2764 2394 Obstrueret,
2799 2342 2868 2381 ne
2896 2326 3134 2396 amplius
3167 2333 3360 2381 contra
3387 2323 3701 2380 Ecclesiam
3726 2325 3815 2381 Dii

2217 2419 2450 2475 latratus
2488 2417 2759 2489 proferret
2796 2417 3024 2473 insanos
3049 2456 3066 2485 ,
3109 2425 3165 2472 et
3196 2415 3424 2472 fureret.
3470 2414 3815 2472 Venerabilis

2217 2519 2398 2565 autem
2428 2513 2739 2581 cpiscopus,
2771 2509 3072 2565 secundum
3099 2509 3416 2580 petitionem
3438 2509 3668 2565 comitis
3697 2524 3814 2565 sus-

2217 2598 2391 2669 ceptis
2419 2598 2636 2665 litteris,
2667 2614 2733 2655 ac
2766 2598 3011 2671 diligenti
3045 2599 3456 2655 examinatione
3485 2600 3811 2670 perspectis,

2214 2699 2411 2745 vocato
2438 2692 2677 2758 notario,
2710 2692 2999 2761 epistolam
3038 2692 3288 2757 dictavit,
3319 2690 3374 2745 in
3421 2707 3539 2762 qua
3574 2692 3808 2761 primum

2214 2780 2593 2850 praescriptum
2632 2778 2974 2837 Valtramum
3000 2779 3321 2851 episcopum
3356 2778 3686 2836 haetiam
3727 2780 3808 2834 Si-

2215 2870 2529 2927 moniacum
2553 2870 2851 2943 redarguit;
2894 2886 3078 2942 regem
3108 2870 3275 2924 etiam
3297 2868 3605 2927 Henricum
3639 2870 3806 2925 haere-

2214 2961 2384 3017 ticum
2420 2972 2478 3019 ct
2506 2964 3068 3031 excommunicatum,
3106 2963 3337 3032 ideoque
3370 2978 3477 3017 nec
3510 2978 3701 3035 regem
3727 2962 3807 3017 di-

2214 3053 2446 3109 cendum
2476 3056 2869 3125 comprobavit;
2905 3055 3253 3125 episcopatus
3284 3068 3384 3123 pro
3413 3055 3681 3123 pecunia,
3713 3069 3803 3124 pro

2208 3145 2387 3215 gladio
2411 3187 2425 3212 ,
2458 3161 2556 3216 pro
2602 3146 2869 3202 adulterio
2891 3188 2906 3212 ,
2936 3160 3035 3217 pro
3077 3145 3409 3201 Sodomitica
3458 3146 3801 3201 immunditia

2206 3237 2530 3293 vendentem
2562 3238 2875 3293 declaravit.
2912 3236 3019 3293 Sed
3053 3237 3225 3309 ipsius
3251 3237 3369 3307 jam
3412 3226 3664 3307 epistola
3694 3247 3800 3292 tex-

2209 3334 2300 3383 tus
2350 3339 2679 3399 cxponatur,
2712 3338 2772 3384 ut
2807 3330 2954 3386 illius
2986 3328 3317 3385 venerabilis
3365 3327 3475 3383 viri
3516 3329 3703 3384 fervor
3746 3330 3797 3383 in

2208 3428 2394 3477 tenore
2414 3421 2643 3493 justitia:
2666 3430 3016 3494 agnoscatur.

1455 3552 3785 3593 m

1244 3715 1831 3810 EPISTOLA
1899 3714 2483 3813 LUDOVICI
2559 3717 3054 3811 COMITIS

1666 3994 2629 4154 STEPHANI

1544 4250 2304 4313 dALBERSTADENSIS
2338 4250 2729 4319 ,EPISCOPI.

570 4509 765 4567 Comes
815 4507 1120 4565 Lunovrcns
1164 4506 1386 4564 domino
1426 4507 1724 4564 Vsunsuo
1757 4548 1773 4576 ,
1820 4507 2086 4580 quidquid
2118 4515 2163 4570 Ι)
2190 4507 2443 4578 telligere,
2470 4516 2529 4562 ut
2553 4507 2678 4565 bene
2706 4474 2906 4582 ageret;
2941 4509 3282 4580 iniquitatem
3314 4510 3612 4565 meditatus
3631 4520 3709 4567 est
3731 4512 3783 4565 ia

499 4601 590 4659 tali
625 4600 895 4657 vocabulo
917 4601 1142 4672 dignum
1167 4607 1272 4656 est.

571 4690 722 4749 Sicut
756 4694 937 4749 bonus
977 4693 1142 4749 homo
1168 4691 1236 4747 de
1291 4690 1436 4746 bono
1492 4690 1752 4746 thesauro
1785 4690 1967 4746 cordis
2003 4691 2089 4746 sui

494 4783 699 4853 profert
727 4786 954 4851 bonum,
1008 4783 1083 4839 ita
1127 4783 1307 4838 malus
1335 4783 1504 4838 homo
1548 4782 1616 4838 de
1649 4781 1796 4837 malo
1832 4782 2090 4837 thesauro

493 4874 703 4944 profert
724 4878 928 4933 malum
958 4876 1175 4949 (Matth.
1211 4891 1312 4944 xu;
1345 4874 1590 4947 Lue.vt).
1622 4872 1778 4930 Unde
1808 4874 1906 4931 tibi
1934 4881 2088 4929 tanta

496 4970 807 5038 sarrzsgantia
845 4978 906 5024 ut
938 4983 1027 5023 me
1063 4968 1131 5023 ad
1180 4966 1609 5038 indignationem
1644 4974 1759 5023 tam
1802 4964 2085 5037 injuxéesis

2189 4598 2354 4654 cubili
2379 4615 2477 4654 suo
2504 4599 2680 4668 (Psal.
2715 4601 2902 4673 xxxv).
2927 4599 3190 4668 Quamvis
3211 4616 3343 4672 ergo
3365 4611 3640 4672 quantum
3665 4619 3781 4674 per-

2189 4706 2381 4747 versus
2403 4733 2420 4759 ,
2468 4700 2684 4748 tantum
2731 4708 2987 4763 perversa
3022 4693 3241 4750 locutus
3282 4692 3361 4751 sis
3384 4734 3400 4763 ,
3456 4709 3562 4749 nos
3604 4703 3775 4749 tamen

2188 4794 2272 4850 ori
2307 4803 2497 4850 nostro
2535 4794 2843 4851 custodiam
2881 4808 3087 4865 ponere
3109 4793 3454 4851 decrevimus
3480 4836 3497 4861 ,
3536 4804 3595 4850 et
3628 4785 3774 4851 sibii-

2186 4911 2332 4964 mus,
2364 4912 2491 4953 cum
2511 4896 2838 4952 consisteret
2863 4903 3118 4966 peccator
3146 4895 3437 4952 adversum
3472 4910 3575 4950 nos
3602 4894 3767 4965 (Psal.

2185 4998 2443 5048 xxxvml.
2500 4997 2604 5048 Sed
2653 5000 2856 5048 excitat
2889 5014 2993 5048 nos
3027 5015 3208 5048 serum
3240 4997 3463 5048 divinus
3489 5043 3505 5048 -
3537 5000 3722 5048 dicens
3752 5014 3766 5048 ε
