3996 5474
298 191 440 248 ιιιδ

1180 188 1471 275 APPEND.
1513 188 1603 243 lll.
1642 220 1715 231 --
1752 188 2189 246 ΜΟΝΠΜΕΝΤΑ
2226 189 2700 248 GREGORIANA.

3440 200 3579 257 1646

299 314 549 367 nostrum
576 346 593 373 ,
639 312 696 360 et
741 306 803 360 in
845 302 1198 360 meditatione
1249 311 1441 359 nostra
1491 302 1697 357 exarsit
1745 302 1889 373 ignis
1918 306 2070 364 Aea:
2143 305 2390 376 pecuniae
2451 304 2735 362 fraudator
2800 306 2858 361 in
2912 306 3153 364 medium
3202 309 3576 380 .producerisl

298 394 475 469 (.Psal.
500 391 755 464 xxxvnt).

302 524 305 527 -
364 484 672 555 Loquimur
699 482 866 554 igitur
892 492 950 538 et
976 482 1281 538 clamamus
1305 523 1322 549 ,
1349 480 1651 552 vulpesque
1686 496 1889 551 parvu-

292 579 377 634 las
401 619 419 643 ,
457 592 583 647 qua:
608 576 796 632 vineas
841 573 1054 630 Domini
1106 575 1478 630 demoliuntur
1530 573 1730 646 (Cant.
1761 572 1885 644 ιι),

292 679 561 741 quantum
592 683 910 739 possumus,
947 681 1232 733 arcemus,
1260 666 1516 722 timentes
1544 666 1886 737 prophetiam

292 761 441 816 illam
464 760 886 830 exprobrantem
914 756 1069 813 :Non
1097 759 1415 815 ascendistis
1438 773 1504 812 ea:
1529 758 1768 824 adverso,
1795 774 1886 812 nec

291 853 613 923 opposuistis
658 868 869 907 murum
898 867 993 921 pro
1017 851 1175 907 domo
1212 849 1427 918 Israel,
1479 859 1536 904 ut
1580 850 1793 904 staretis
1830 851 1886 904 in

289 944 477 1014 pretio
506 944 563 999 in
589 944 675 998 die
703 942 920 998 Domini
944 942 1163 1015 (Ezecli.
1196 943 1339 1014 xm).
1374 942 1636 1009 Audiant,
1666 958 1775 998 non
1804 950 1882 1010 tu,

290 1036 388 1107 qui
419 1051 585 1092 aures
612 1036 805 1102 babes,
830 1044 886 1091 et
912 1050 1023 1091 non
1051 1035 1231 1102 audis;
1267 1035 1363 1106 qui
1395 1034 1587 1091 oculos
1610 1035 1801 1102 habes,
1831 1044 1886 1089 et

289 1144 400 1184 non
425 1128 576 1185 vides
607 1128 785 1198 (Psal.
811 1127 990 1198 exui);
1025 1128 1122 1199 qui
1167 1128 1374 1194 lumen,
1400 1128 1547 1199 quod
1583 1128 1641 1183 in
1672 1137 1724 1183 te
1755 1135 1841 1183 est
1866 1169 1882 1195 ,

285 1220 543 1276 tenebras
573 1218 751 1276 fecisti
784 1219 938 1291 (Luc.
965 1219 1066 1290 ιι);
1097 1220 1362 1288 audiant,
1396 1220 1658 1291 inquam,
1690 1235 1884 1277 omnes

288 1311 499 1366 cordati
543 1310 640 1382 qui
674 1326 837 1367 aures
866 1311 1124 1367 audiendi
1156 1311 1400 1378 habent,
1438 1327 1604 1381 quam
1643 1311 1751 1367 alte
1788 1319 1884 1366 aut

282 1419 397 1459 non
427 1403 698 1475 intelligas
735 1414 831 1459 aut
864 1404 1165 1474 intelligere
1194 1403 1512 1459 dissimules
1541 1417 1718 1473 neque
1750 1402 1884 1474 quid

281 1492 556 1564 loquaris,
583 1509 762 1565 neque
801 1494 871 1549 de
907 1495 1109 1565 quibus
1134 1493 1374 1550 affirmes
1419 1494 1440 1566 (
1458 1493 1479 1548 l
1513 1493 1650 1557 Tim.
1679 1495 1751 1565 ι).
1796 1493 1881 1549 Ad

287 1585 681 1655 subiectionem
709 1586 919 1643 domini
959 1585 1198 1643 Heinrici
1223 1628 1241 1656 ,
1284 1602 1451 1659 quem
1494 1588 1880 1660 imperatorem

285 1677 497 1744 dicunt,
527 1693 631 1734 nos
657 1677 881 1746 invitas,
904 1688 960 1736 et
990 1680 1044 1734 in
1070 1688 1339 1750 quantum
1371 1681 1672 1751 intelligere
1694 1682 1877 1750 datur,
1914 1662 1956 1717 Β

285 1774 348 1822 ιιι
373 1782 469 1836 per
497 1768 683 1824 omnia
717 1768 924 1824 subditi
966 1768 1160 1837 simus,
1201 1768 1361 1839 quasi
1388 1770 1690 1840 apostolico
1716 1785 1881 1842 argu-

283 1870 479 1916 mento.
504 1861 894 1918 necessitatem
918 1861 1180 1931 imponis,
1206 1860 1396 1917 dicens
1430 1879 1444 1915 :
1483 1860 1670 1917 Omnis
1696 1862 1881 1915 auima

269 1953 636 2024 potestatibus
685 1952 1045 2025 superioribus
1089 1951 1307 2007 subdita
1356 1952 1461 2014 sit;
1493 1968 1599 2006 non
1631 1959 1710 2007 est
1737 1952 1880 2009 enim

281 2053 549 2114 potestas,
574 2045 680 2099 nisi
720 2061 757 2098 ιι
792 2044 922 2099 Deo.
949 2041 1055 2110 Qui
1078 2059 1201 2114 ergo
1229 2044 1481 2114 potestati
1507 2043 1707 2097 resistit
1732 2082 1749 2110 ,
1778 2040 1879 2096 Dei

282 2136 608 2191 ordinationi
636 2137 834 2191 resistit
860 2134 1036 2207 (Rom.
1076 2137 1221 2207 xui).
1259 2134 1437 2202 Quam
1466 2135 1715 2206 Apostoli
1740 2151 1880 2192 ssen-

280 2227 512 2283 tentiam
550 2235 603 2283 te
640 2227 784 2284 male
818 2226 1139 2297 intelligere,
1172 2227 1331 2297 pejus
1361 2227 1707 2297 interpretari
1740 2226 1880 2283 dici-

275 2333 428 2374 mus.
459 2316 519 2373 Si
548 2317 697 2373 enim
727 2317 910 2373 omnis
938 2325 1181 2387 potestas
1208 2332 1239 2370 a
1276 2315 1386 2371 Deo
1414 2325 1515 2384 est,
1545 2326 1605 2371 ut
1634 2325 1693 2372 tu
1719 2316 1877 2372 intel-

284 2410 406 2481 ligis
429 2451 448 2479 ,
493 2410 627 2481 quid
673 2418 760 2466 est
801 2410 949 2480 quod
979 2410 1048 2465 de
1082 2410 1411 2480 quibusdam
1445 2409 1581 2465 dicit
1609 2409 1877 2466 Dominus

270 2516 380 2571 per
415 2500 738 2573 prophetam
769 2520 782 2555 :
818 2498 933 2571 Ipsi
970 2511 1311 2572 regnat-erunt
1336 2541 1353 2568 ,
1396 2510 1447 2557 et
1491 2515 1595 2554 non
1636 2515 1703 2553 ea:
1752 2515 1875 2565 nte;

281 2594 544 2663 principes
572 2593 911 2659 exstiterunt,
952 2602 1004 2648 et
1044 2609 1147 2646 non
1171 2592 1388 2663 cognoui
1427 2608 1515 2646 eos
1558 2590 1705 2661 (Ose.
1731 2591 1872 2661 vni).

285 2682 344 2738 Si
373 2683 557 2741 omnis
600 2693 843 2754 potestas
873 2699 905 2738 a
946 2683 1058 2739 Deo
1091 2693 1175 2740 est
1198 2725 1213 2750 ,
1250 2693 1308 2738 nt
1337 2692 1392 2738 tu
1426 2682 1711 2753 intelligis,
1742 2682 1875 2753 quid

276 2786 367 2833 est
398 2777 547 2848 quod
578 2777 656 2832 ait
680 2776 948 2833 Dominus
982 2795 995 2830 :
1038 2774 1097 2830 Si
1147 2775 1332 2830 oculus
1369 2785 1490 2829 tuus
1517 2772 1875 2847 .scattdalt'zat

280 2881 371 2938 te,
421 2886 546 2926 erue
599 2886 719 2924 eum
774 2878 823 2923 et
868 2870 1067 2940 projice
1097 2868 1190 2922 abs
1228 2866 1566 2938 te?(ll1attii.
1618 2867 1696 2938 v.)
1734 2864 1874 2933 Quid

214 3020 217 3025 .
281 2966 429 3022 enim
460 2975 546 3024 est
564 2973 826 3037 potestas,
856 2964 962 3021 nisi
995 2965 1225 3029 oculus?
1255 2964 1416 3018 Certe
1446 2950 1790 3033 Augustinus
1819 2962 1871 3016 in

282 3059 625 3130 expositione
680 3057 1008 3129 Apostolica:
1058 3056 1394 3112 sententiae:
1451 3053 1636 3111 Omnis
1693 3055 1878 3108 anima

278 3149 632 3219 potestatibus
680 3149 1079 3204 sublimioribus
1114 3148 1330 3203 subdita
1374 3147 1446 3201 sit
1495 3145 1670 3216 (Rom.
1709 3146 1831 3215 xui)
1860 3163 1873 3176 ο

289 3258 307 3290 s
353 3238 513 3306 Quod
565 3238 613 3294 si
655 3247 900 3310 potestas
928 3280 944 3306 ,
976 3239 1195 3309 inquit,
1229 3236 1436 3308 aliquid
1484 3235 1676 3307 iubeat
1729 3235 1878 3305 quod

282 3340 473 3387 contra
500 3329 674 3386 Deum
702 3331 794 3398 sit,
822 3331 913 3386 hic
939 3342 1231 3386 contemne
1259 3337 1605 3400 potestatem,
1634 3327 1879 3382 timendo

279 3429 629 3492 potestatem.
679 3440 698 3473 ι
744 3419 1002 3492 Nunquid
1045 3420 1304 3491 iniquitas
1351 3419 1495 3490 apud
1542 3418 1880 3473 Dominum?

282 3511 541 3586 Nunquid
566 3513 825 3571 Christus
850 3513 1056 3585 peccati
1085 3512 1335 3568 minister
1362 3510 1479 3567 est?
1509 3509 1690 3565 Absit!
1736 3508 1878 3576 Quid

279 3622 414 3678 ergo
436 3608 716 3664 dicemus?
748 3606 1003 3678 Nunquid
1036 3607 1108 3662 ab
1131 3606 1394 3677 Apostclo
1413 3605 1628 3661 diversa
1660 3614 1879 3662 senten-

278 3699 359 3754 tia
390 3700 692 3771 prophetia:
711 3700 1033 3772 evulgatur?
1056 3698 1398 3771 Augustinus
1431 3718 1445 3753 :
1489 3717 1509 3751 ‹
1542 3697 1768 3754 Minime
1794 3698 1879 3754 di-

282 3807 474 3849 versas
507 3792 669 3848 tibias
708 3790 861 3847 inflat
895 3791 1123 3863 spiritus
1154 3807 1319 3847 unus.
1367 3810 1387 3843 ι
1444 3789 1634 3860 Itaque
1684 3789 1876 3844 audia-

283 3900 409 3942 mus
435 3885 757 3955 Apostolum
784 3884 1231 3950 concordantem,
1255 3891 1311 3939 et
1334 3882 1577 3953 seipsum
1601 3896 1880 3951 exponen-

282 3985 394 4033 tem
416 4019 432 4045 ,
462 3986 518 4033 et
548 3977 832 4033 inimicum
874 3976 1217 4047 ultoremque
1263 3990 1426 4032 suum
1470 3975 1875 4039 destruentem,

287 4067 412 4123 Non
430 4080 529 4136 est,
554 4069 754 4140 inquit,
781 4078 1014 4141 potestas
1042 4068 1149 4121 nisi
1175 4084 1209 4122 α
1234 4067 1366 4122 Deo.
1398 4066 1540 4135 Quid
1583 4066 1835 4135 sequitur
1860 4083 1873 4120 :

286 4160 391 4227 Qui
418 4178 565 4233 ergo,
598 4162 796 4233 inquis,
831 4160 1083 4233 potestati
1120 4160 1342 4226 resistit,
1378 4168 1435 4215 et
1475 4158 1710 4227 reliqua.
1763 4157 1877 4212 Ab-

284 4255 392 4311 sit?
419 4253 542 4310 Non
575 4255 680 4311 hoc
706 4254 976 4325 sequitur;
1010 4253 1106 4310 sed
1142 4252 1274 4324 quid
1308 4251 1600 4322 sequitur?
1630 4250 1763 4316 Qum
1784 4266 1877 4304 au-

1989 395 2210 467 (Jlatth.
2247 398 2399 467 xxv.)
2426 396 2609 464 Quare
2632 414 2747 454 non
2761 398 3033 468 iudicium
3073 412 3128 455 et
3153 400 3408 472 laqueum
3448 418 3581 474 pro-

1986 487 2182 542 ditoris
2221 487 2476 564 timuisti,
2520 504 2589 543 ne
2613 489 2846 545 similem
2880 499 3095 546 reatum
3122 491 3318 549 similis
3341 494 3581 550 vindicta

1986 580 2347 649 sequeretur?
2390 578 2702 636 Praevidens
2727 597 2823 651 per
2850 580 3113 652 Spiritum
3140 592 3392 639 sanctum
3429 583 3580 656 Apo-

1986 670 2160 726 stolus
2189 679 2242 725 te
2271 671 2459 741 tuique
2489 671 2697 726 similes
2720 672 3008 729 haereticos
3039 674 3095 728 in
3123 673 3367 730 Ecclesia
3396 688 3578 732 emen-

1986 777 2169 829 suros,
2205 762 2302 833 qui
2344 764 2549 818 bonum
2586 765 2813 831 malum,
2840 766 3048 820 malum
3083 765 3289 823 bonum
3313 742 3576 832 dicerent,

1984 853 2080 925 qui
2123 855 2378 910 tenebras
2406 855 2585 911 lucem
2610 898 2628 923 ,
2676 864 2732 911 et
2778 857 2957 912 lucem
3007 858 3263 913 tenebras
3314 867 3580 928 ponerent

1986 943 2146 1014 (ικαὶ.
2185 942 2263 1016 v),
2303 946 2408 1015 qui.
2430 947 2499 1002 de
2525 947 2811 1004 sententiis
2840 948 3086 1005 veritatis
3117 950 3465 1006 occasionem
3492 951 3577 1004 in-

1983 1036 2221 1093 duwndi
2261 1037 2466 1093 erroris
2512 1046 2797 1108 captarent
2819 1080 2834 1106 ,
2864 1056 2988 1095 cum
3019 1041 3375 1110 praemisisset
3403 1060 3417 1096 :
3452 1041 3577 1096 Non

1982 1138 2061 1187 est
2083 1139 2320 1200 potestas
2344 1171 2360 1197 ,
2388 1131 2495 1184 nisi
2520 1148 2552 1184 a
2578 1130 2689 1185 Deo
2712 1172 2729 1199 ,
2757 1140 2819 1188 ut
2846 1132 3220 1203 conjecturam
3245 1133 3461 1203 reprobi
3487 1133 3573 1187 in-

1982 1223 2232 1278 tellectus
2256 1230 2583 1292 amputaret,
2610 1239 2729 1293 quae
2762 1233 2941 1278 autem
2969 1233 3115 1291 sunt,
3150 1225 3350 1295 inquit,
3388 1242 3422 1279 a
3462 1225 3576 1280 Deo

1982 1313 2232 1368 ordinata
2259 1322 2402 1368 sunt.
2438 1312 2515 1368 Da
2550 1313 2717 1385 igitur
2752 1322 3079 1384 potestatem
3124 1316 3474 1383 ordinatam,
3521 1324 3576 1371 et

1983 1421 2094 1461 non
2122 1404 2453 1473 resistimus,
2487 1404 2598 1461 imo
2626 1406 2883 1462 dabimus
2920 1407 3068 1461 illico
3097 1422 3317 1463 manus.

2052 1501 2223 1558 Miror
2256 1511 2437 1559 autem
2460 1545 2477 1569 ,
2510 1500 2558 1560 si
2605 1504 2662 1558 in
2708 1512 2761 1559 te
2805 1503 2891 1558 vel
2927 1511 3080 1575 gutta
3116 1501 3399 1575 sanguinis
3423 1511 3533 1559 .est
3555 1544 3572 1570 ,

1983 1596 2131 1666 quod
2160 1611 2270 1652 non
2297 1596 2579 1653 erubescis
2612 1596 2898 1652 dominum
2942 1594 3240 1651 Henricum
3269 1608 3454 1665 regem
3489 1594 3575 1650 di-

1985 1703 2108 1744 cere
2133 1729 2148 1755 ,
2185 1689 2267 1743 vel
2295 1689 2544 1745 ordinem
2572 1687 2794 1743 habere.
2838 1687 2922 1743 An
2956 1686 3093 1742 ordo
3121 1685 3219 1741 tibi
3245 1686 3456 1741 videtur
3479 1685 3574 1756 jus

1983 1780 2115 1834 dare
2138 1780 2353 1847 sceleri,
2383 1780 2468 1837 fas
2496 1778 2768 1850 nefasque
2794 1779 2979 1835 divina
3000 1788 3055 1834 et
3077 1778 3319 1834 humana
3340 1775 3574 1835 confun-

1982 1872 2143 1929 dere?
2174 1873 2259 1927 An
2285 1874 2423 1929 ordo
2441 1873 2659 1929 videtur
2692 1871 2791 1927 tibi
2825 1871 2882 1947 in
2910 1879 3114 1941 corpus
3135 1884 3298 1926 suum
3320 1878 3571 1939 peceare,

1985 1964 2232 2022 videlicet
2253 1965 2412 2037 (proh
2428 1964 2606 2036 pudor
2622 1966 2636 2019 l
2653 1962 2960 2034 proh'nefas
2977 1965 3018 2032 !)
3040 1975 3269 2017 uxorem
3295 1959 3573 2031 propriam

1981 2057 2189 2114 scelere
2210 2057 2466 2114 omnibus
2492 2055 2710 2113 mulis
2730 2044 3218 2121 mundi'inaudito,
3242 2046 3475 2124 lupanar
3497 2052 3576 2108 fa-

1980 2148 2138 2206 cere?
2171 2148 2254 2203 An
2308 2148 2448 2204 ordo
2502 2147 2603 2204 tibi
2644 2146 2899 2212 videtur,
2940 2160 3069 2203 cum
3109 2143 3375 2200 Dominus
3427 2144 3575 2200 dicat

1979 2240 2261 2312 Defendite
2289 2237 2505 2295 viduam
2530 2238 2692 2310 (lsai.
2730 2238 2796 2307 ι),
2816 2237 3014 2293 viduas
3029 2235 3224 2306 iudicii
3259 2236 3571 2306 aequitatem

1980 2332 2321 2402 postulantes
2383 2328 2626 2386 nefanda
2676 2327 3141 2386 contaminatione
3201 2326 3575 2398 prostituere?

1978 2421 2107 2479 Haec
2133 2422 2229 2493 qui
2253 2421 2528 2487 ordinata,
2557 2420 2655 2492 qui
2679 2435 2814 2476 sana
2834 2419 3054 2487 dixerit,
3091 2418 3241 2474 hunc
3274 2417 3455 2474 insani
3474 2433 3571 2477 ea-

1978 2515 2108 2586 pitis
2139 2530 2264 2571 esse
2300 2514 2531 2570 insanus
2551 2511 2703 2583 iuret
2723 2509 2964 2567 Orestes.
3008 2509 3190 2580 Usque
3215 2509 3283 2565 ad
3317 2510 3435 2564 haec
3469 2509 3573 2564 mi-

1978 2606 2209 2661 serrima
2232 2614 2475 2675 tempora
2502 2612 2698 2659 natura
2735 2600 3009 2658 secretum
3058 2599 3264 2656 amavit
3285 2640 3301 2666 ,
3334 2599 3572 2655 seditra-

1976 2696 2127 2753 ditus
2159 2696 2212 2752 in
2252 2696 2544 2766 rcprobum
2593 2708 2820 2749 sensum
2860 2708 2956 2748 rex
2996 2700 3196 2759 vester,
3243 2698 3456 2746 naturae
3485 2691 3572 2747 in-

1976 2790 2263 2845 volucrum
2285 2786 2510 2853 tletexit,
2533 2785 2628 2856 qui
2658 2800 2878 2842 omnem
2900 2784 3167 2856 pudorem
3187 2782 3345 2854 ponit
3369 2782 3427 2837 in
3449 2797 3573 2852 pro-

1978 2882 2184 2952 patulo.

1905 3009 1946 3066 ς
2052 2970 2124 3028 Ut
2154 2980 2337 3028 autem
2374 2972 2486 3035 illa,
2525 2985 2649 3041 qua:
2682 2968 2803 3026 sine
2826 2980 3058 3024 numero
3081 2973 3233 3033 sunt,
3264 2973 3569 3033 taceamus,

1935 3045 1945 3063 ⁸
1983 3063 2232 3120 videlicet
2264 3060 2736 3117 concremationes
2781 3058 3179 3123 ecclesiarum,
3214 3054 3572 3126 depraedatio-

1979 3172 2099 3223 nes,
2146 3153 2459 3220 homicidia,
2489 3151 2761 3218 incendia,
2794 3150 3173 3207 truncatioues
3199 3155 3255 3202 et
3287 3146 3375 3202 bis
3415 3146 3572 3202 simi-

1979 3248 2072 3315 lia,
2100 3262 2223 3319 qua:
2253 3247 2341 3301 ille
2366 3253 2565 3316 potest,
2596 3256 2721 3308 nos,
2747 3255 3072 3298 enumerare
3092 3254 3205 3294 non
3233 3253 3527 3309 possumus
3551 3277 3568 3305 ,

1977 3352 2043 3393 ea
2066 3351 2191 3408 quae
2218 3335 2454 3392 maxime
2491 3331 2787 3388 Ecclesiam
2828 3330 2922 3385 Dei
2969 3336 3225 3401 gravant,
3255 3328 3567 3399 loquantur.

1979 3428 2118 3484 Audi
2145 3441 2277 3498 ergo
2301 3440 2452 3491 vera,
2480 3439 2590 3479 non
2624 3422 2827 3478 fucata.
2861 3421 3002 3475 Audi
3026 3419 3211 3487 fortia,
3238 3434 3349 3473 non
3371 3418 3567 3475 faceta.

1977 3519 2170 3577 Omnis
2209 3518 2304 3589 qui
2340 3516 2637 3588 dignitates
2696 3512 3010 3584 spirituales
3062 3511 3248 3567 vendit
3284 3511 3571 3566 haereticus

1975 3624 2080 3669 est.
2119 3611 2386 3667 Dominus
2414 3618 2597 3664 autem
2624 3605 2915 3671 Henricus,
2946 3619 3107 3674 quem
3144 3618 3329 3674 regem
3357 3602 3570 3668 dicunt,

1976 3705 2323 3777 episcopatus
2344 3711 2399 3756 et
2440 3699 2686 3755 abbatias
2710 3698 2917 3763 vendit;
2942 3695 3144 3751 etenim
3186 3693 3572 3750 Constantiano

1977 3813 2093 3852 sem
2119 3837 2135 3865 ,
2162 3793 2672 3861 Babenbergcnsem
2698 3830 2714 3855 ,
2746 3787 3217 3858 Moguntinensem
3244 3826 3260 3851 ,
3303 3793 3358 3839 et
3388 3784 3573 3853 plures

1976 3888 2134 3953 alios,
2176 3901 2275 3956 pro
2312 3882 2586 3954 pecunia;
2626 3878 3105 3948 Ratisponensem,
3145 3876 3568 3946 Augustensem,

1979 3979 2465 4048 Strasburgensem
2491 4015 2507 4041 ,
2546 3987 2646 4043 pro
2680 3970 2899 4043 gladio;
2940 3968 3214 4025 abbatiam
3245 3966 3568 4022 Fuldensem

1975 4086 2077 4144 pro
2106 4068 2413 4134 adulterio;
2444 4062 2930 4120 blonasteriensem
2982 4060 3359 4131 episcopatum
3399 4058 3569 4130 (quod

1975 4166 2158 4221 dicere
2176 4171 2233 4219 et
2256 4160 2449 4218 audire
2477 4156 2633 4215 nefas
2658 4156 2762 4225 est)
2789 4168 2889 4225 pro
2916 4150 3249 4208 SodOmitica
3273 4150 3571 4206 immundi~

1975 4258 2052 4313 tia
2092 4253 2354 4311 vendidit.
2388 4250 2554 4319 Quae,
2603 4248 2650 4303 si
2681 4245 3022 4316 impudenter
3045 4258 3245 4313 negare
3284 4242 3525 4297 volueris
3550 4282 3567 4308 ,

284 4355 389 4402 tem
415 4364 449 4401 α
472 4346 604 4413 Deo,
632 4346 884 4401 ordinata
906 4354 1053 4412 sunt,
1084 4360 1279 4415 nempe
1304 4345 1407 4399 hoc
1426 4354 1532 4411 cst,
1556 4343 1704 4414 quod
1725 4357 1874 4413 qua:-

1980 4359 2114 4407 leste
2149 4346 2290 4404 calo
2314 4386 2329 4410 ,
2368 4351 2505 4399 teste
2535 4349 2681 4396 terra
2706 4379 2723 4405 ,
2758 4349 2951 4391 omnes
2983 4332 3147 4389 etiam
3180 4349 3213 4388 a
3238 4331 3402 4388 furno
3439 4333 3568 4389 red-

283 4440 477 4496 rimus.
508 4436 554 4494 0
577 4439 765 4511 lingua
792 4437 980 4495 dolosa
1005 4480 1020 4506 ,
1054 4453 1089 4493 ο
1125 4453 1223 4493 cor
1257 4437 1583 4493 machinans
1622 4437 1827 4491 malum
1855 4436 1869 4489 !

284 4530 522 4605 Spiritus
548 4532 755 4589 vadens
778 4574 792 4599 ,
819 4539 873 4587 et
900 4546 1008 4587 non
1043 4529 1260 4586 rediens
1291 4528 1467 4602 (Psal.
1509 4528 1715 4600 ιιίιγι).
1762 4528 1873 4582 Cur

195 4632 210 4648 ’
283 4626 547 4682 mentitus
587 4640 648 4680 es
694 4623 922 4694 Spiritui
967 4623 1192 4679 sancto?
1237 4622 1379 4690 (Act.
1415 4622 1522 4692 ιιι.)
1567 4622 1775 4695 Arguat
1821 4630 1875 4675 te

283 4717 620 4775 conscientia
671 4725 783 4773 tua.
831 4714 969 4771 Ecce
1004 4716 1145 4787 fugit
1193 4715 1387 4785 impius
1434 4716 1640 4769 nemine
1693 4728 1872 4783 perse-

279 4821 470 4882 quente
492 4810 677 4881 (Prov.
706 4808 920 4877 xxvut).
948 4804 1079 4873 Cur,
1110 4816 1171 4862 ut
1202 4806 1501 4877 dccipercs,
1535 4805 1875 4878 supprimere

279 4904 568 4960 veritatem
590 4901 847 4958 voluisti?
881 4898 994 4954 Cur
1021 4899 1336 4967 medullam,
1364 4913 1463 4954 cur
1492 4900 1736 4973 animam
1767 4896 1873 4950 liu-

274 4996 372 5067 ius
403 4995 688 5052 sententia:
706 4994 930 5049 .furatus
952 4994 1049 5048 es?
1070 4991 1228 5057 Nam,
1259 4991 1307 5046 si
1336 4992 1453 5047 lucc
1473 4995 1648 5050 verba
1671 4990 1739 5046 de
1762 5004 1876 5045 me-

279 5088 375 5144 dio
400 5087 683 5143 sententiae
716 5083 1031 5157 apostolica;
1074 5084 1354 5150 tollantur,
1402 5095 1597 5153 contra
1644 5082 1747 5140 sibi
1793 5081 1876 5136 in-

280 5178 611 5235 conveniens
638 5187 693 5234 et
716 5174 983 5233 exanimis
1001 5175 1228 5249 iacebit.

352 5268 607 5340 lmpletur
647 5283 827 5327 sermo
866 5266 1087 5327 divinus
1115 5309 1132 5335 ,
1166 5264 1269 5331 Qui
1292 5274 1443 5337 p‘arat
1493 5271 1743 5343 proximo
1781 5280 1874 5322 suo

278 5362 503 5432 foveam,
544 5361 736 5416 incidet
761 5361 818 5414 in
845 5374 959 5413 eam
991 5362 1183 5433 (Prov.
1210 5344 1399 5431 ιιινι).Δ
1427 5358 1601 5423 Certe
1631 5359 1876 5418 nec‘cul-

275 5466 401 5474 --.ι-
440 5447 564 5474 ρ--κιξ
652 5458 748 5474 ..ΔΑ
776 5462 990 5474 *Μ’-ιι...
1035 5448 1255 5474 ‘h-AJA-A
1283 5450 1485 5474 -Αιιι-Ῐ-
1563 5456 1605 5474 Λ
1633 5450 1704 5474 -ε-1
1732 5451 1767 5474 ζ-

1978 4452 2176 4501 ciuiles
2198 4437 2353 4497 scioli
2383 4433 2715 4494 concludant
2750 4449 2763 4485 :
2816 4428 2960 4501 Ergo
3000 4423 3260 4483 dominus
3297 4423 3569 4481 Henricus

1980 4531 2270 4590 lirercticus
2293 4536 2394 4583 est.
2430 4525 2537 4580 Pro
2564 4521 2765 4593 quibus
2789 4518 3042 4575 nefandis
3070 4517 3233 4581 malis
3255 4517 3325 4572 ab
3350 4525 3571 4587 aposto.

1975 4626 2080 4681 lica
2107 4622 2233 4678 sede
2256 4610 2785 4677 excommunicatus,
2806 4625 2909 4667 nec
2929 4623 3179 4681 regnum,
3205 4623 3306 4664 nec
3329 4618 3571 4679 potesta-

1978 4727 2089 4775 tem
2127 4715 2363 4784 aliquam
2397 4724 2564 4781 super
2596 4721 2720 4771 nos,
2753 4703 2884 4774 quia
2918 4700 3185 4758 Catholici
3220 4716 3433 4768 sumus,
3466 4716 3571 4771 po-

1978 4810 2105 4868 terit
2131 4806 2394 4862 obtinere.
2436 4801 2602 4864 Sane,
2641 4798 2770 4871 quia
2801 4795 3034 4853 fratrum
3058 4805 3161 4845 nos
3185 4790 3326 4847 odiis
3352 4792 3572 4864 fatigas,

1980 4900 2219 4970 intelligo
2247 4894 2383 4951 nulli
2413 4908 2518 4950 nos
2552 4891 2737 4946 odium
2767 4888 2837 4946 de
2868 4881 3238 4950 inaffectione,
3264 4884 3359 4939 sed
3384 4886 3449 4940 de
3467 4887 3579 4955 pie;

1984 5004 2094 5052 tate
2119 4988 2420 5045 intendere.
2458 4984 2616 5041 Absit
2635 4991 2698 5037 ut
2717 4980 2973 5037 dicamus
2990 4998 3003 5033 :
3019 4973 3290 5030 Henricus
3313 4975 3452 5034 inter
3476 4976 3584 5031 fra-

1976 5098 2094 5144 tres
2115 5090 2211 5138 aut
2230 5078 2578 5135 Christianos
2605 5079 2914 5143 reputetur,
2942 5068 3064 5143 qui,
3094 5063 3259 5120 toties
3287 5068 3588 5140 corripien-

1981 5190 2093 5237 tetn
2122 5170 2425 5228 Ecclesium
2451 5185 2564 5226 non
2590 5164 2843 5231 audiens,
2874 5168 3024 5223 sicut
3052 5156 3312 5213 ethnicus
3333 5170 3389 5216 et.
3410 5156 3588 5231 publi-

1985 5281 2158 5329 canus
2201 5264 2435 5320 habctur
2479 5258 2719 5329 (Matth.
2768 5260 2971 5332 xvm).
3030 5248 3207 5319 Cujus
3260 5251 3447 5306 odium
3487 5261 3590 5320 pro

1984 5372 2185 5431 magno
2210 5355 2484 5412 sacrilicio
2520 5352 2632 5407 Deo
2661 5347 2971 5421 offerimus,
3001 5345 3251 5423 dicetnes
3276 5354 3405 5397 cum
3432 5339 3591 5421 Psal-

2978 5433 3201 5474 ntims'nn
3257 5433 3501 5474 (ulls-nm.
3541 5439 3592 5474 nl

2044 5455 2142 5474 ⁵-Α-
2179 5469 2192 5474 ,
2233 5446 2416 5474 λῖΑ-...Α
2474 5446 2558 5474 -..Σ
2596 5443 2819 5474 Αλρυιιηο
2859 5453 2909 5474 ο..
