  <div class='ocr_page' id='page_1' title='image "/cluster/home/n/w/nwhite01/storage/ocr_20150623/148/hvd.32044015471840/721.png"; bbox 0 0 3996 5474; ppageno 0'>
   <div class='ocr_carea' id='block_1_1' title="bbox 431 285 578 352">
    <p class='ocr_par' dir='ltr' id='par_1_1' title="bbox 431 285 578 352">
     <span class='ocr_line' id='line_1_1' title="bbox 431 285 578 352; baseline -0.041 0"><span class='ocrx_word' id='word_1_1' title='bbox 431 285 578 352; x_wconf 65' lang='grc' dir='ltr'><strong>ΗΓῙ</strong></span> 
     </span>
    </p>
   </div>
   <div class='ocr_carea' id='block_1_2' title="bbox 1401 265 2723 337">
    <p class='ocr_par' dir='ltr' id='par_1_2' title="bbox 1401 265 2723 337">
     <span class='ocr_line' id='line_1_2' title="bbox 1401 265 2723 337; baseline -0.01 0"><span class='ocrx_word' id='word_1_2' title='bbox 1401 280 1490 337; x_wconf 78' lang='lat' dir='ltr'><strong>AD</strong></span> <span class='ocrx_word' id='word_1_3' title='bbox 1527 277 1758 336; x_wconf 74' lang='lat' dir='ltr'><strong>OPERA</strong></span> <span class='ocrx_word' id='word_1_4' title='bbox 1801 277 1859 332; x_wconf 92' lang='lat' dir='ltr'><strong>S.</strong></span> <span class='ocrx_word' id='word_1_5' title='bbox 1901 271 2236 332; x_wconf 77' lang='lat' dir='ltr'><strong>GREGORII</strong></span> <span class='ocrx_word' id='word_1_6' title='bbox 2274 265 2723 326; x_wconf 77' lang='lat' dir='ltr'><strong>APPENDICES.</strong></span> 
     </span>
    </p>
   </div>
   <div class='ocr_carea' id='block_1_3' title="bbox 3585 255 3736 319">
    <p class='ocr_par' dir='ltr' id='par_1_3' title="bbox 3585 255 3736 319">
     <span class='ocr_line' id='line_1_3' title="bbox 3585 255 3736 319; baseline 0.007 -1"><span class='ocrx_word' id='word_1_7' title='bbox 3585 255 3736 319; x_wconf 70' lang='grc' dir='ltr'><strong>ιω</strong></span> 
     </span>
    </p>
   </div>
   <div class='ocr_carea' id='block_1_4' title="bbox 430 371 3734 476">
    <p class='ocr_par' dir='ltr' id='par_1_4' title="bbox 430 371 3734 476">
     <span class='ocr_line' id='line_1_4' title="bbox 430 371 3734 476; baseline -0.009 -14"><span class='ocrx_word' id='word_1_8' title='bbox 430 405 606 476; x_wconf 69' lang='grc' dir='ltr'><strong>(Συμιε</strong></span> <span class='ocrx_word' id='word_1_9' title='bbox 629 399 1090 474; x_wconf 82' lang='lat' dir='ltr'><strong>odii‘dignitatem</strong></span> <span class='ocrx_word' id='word_1_10' title='bbox 1135 402 1344 453; x_wconf 68' lang='lat' dir='ltr'><strong>veritas</strong></span> <span class='ocrx_word' id='word_1_11' title='bbox 1377 395 1768 451; x_wconf 79' lang='lat' dir='ltr'><strong>commendans</strong></span> <span class='ocrx_word' id='word_1_12' title='bbox 1799 393 1877 448; x_wconf 91' lang='lat' dir='ltr'><strong>ait</strong></span> <span class='ocrx_word' id='word_1_13' title='bbox 1907 410 1921 448; x_wconf 88' lang='lat'><strong>:</strong></span> <span class='ocrx_word' id='word_1_14' title='bbox 1961 389 2020 447; x_wconf 84' lang='lat' dir='ltr'><strong>Si</strong></span> <span class='ocrx_word' id='word_1_15' title='bbox 2052 403 2096 458; x_wconf 72' lang='grc' dir='ltr'>Α</span> <span class='ocrx_word' id='word_1_16' title='bbox 2189 371 2348 454; x_wconf 82' lang='lat' dir='ltr'><strong>Quod</strong></span> <span class='ocrx_word' id='word_1_17' title='bbox 2373 399 2506 440; x_wconf 76' lang='lat' dir='ltr'><strong>vero</strong></span> <span class='ocrx_word' id='word_1_18' title='bbox 2534 398 2732 476; x_wconf 77' lang='lat' dir='ltr'><strong>papam</strong></span> <span class='ocrx_word' id='word_1_19' title='bbox 2755 382 3108 455; x_wconf 80' lang='lat' dir='ltr'><strong>Gregorium,</strong></span> <span class='ocrx_word' id='word_1_20' title='bbox 3135 395 3322 476; x_wconf 72' lang='lat' dir='ltr'><strong>regem</strong></span> <span class='ocrx_word' id='word_1_21' title='bbox 3341 377 3734 476; x_wconf 68' lang='lat' dir='ltr'><strong>iiodolplsum;</strong></span> 
     </span>
    </p>
   </div>
   <div class='ocr_carea' id='block_1_5' title="bbox 433 487 2032 568">
    <p class='ocr_par' dir='ltr' id='par_1_5' title="bbox 433 487 2032 568">
     <span class='ocr_line' id='line_1_5' title="bbox 433 487 2032 568; baseline -0.009 -17"><span class='ocrx_word' id='word_1_22' title='bbox 433 497 552 568; x_wconf 76' lang='lat' dir='ltr'><strong>quis</strong></span> <span class='ocrx_word' id='word_1_23' title='bbox 587 511 690 550; x_wconf 84' lang='lat' dir='ltr'><strong>non</strong></span> <span class='ocrx_word' id='word_1_24' title='bbox 724 494 836 548; x_wconf 85' lang='lat' dir='ltr'><strong>odit</strong></span> <span class='ocrx_word' id='word_1_25' title='bbox 873 500 1079 564; x_wconf 79' lang='lat' dir='ltr'><strong>patrem</strong></span> <span class='ocrx_word' id='word_1_26' title='bbox 1112 498 1163 544; x_wconf 86' lang='lat' dir='ltr'><strong>et</strong></span> <span class='ocrx_word' id='word_1_27' title='bbox 1193 497 1438 554; x_wconf 88' lang='lat' dir='ltr'><strong>matrem,</strong></span> <span class='ocrx_word' id='word_1_28' title='bbox 1477 487 1669 557; x_wconf 78' lang='lat' dir='ltr'><strong>fratres</strong></span> <span class='ocrx_word' id='word_1_29' title='bbox 1704 493 1754 538; x_wconf 89' lang='lat' dir='ltr'><strong>et</strong></span> <span class='ocrx_word' id='word_1_30' title='bbox 1787 499 1990 538; x_wconf 77' lang='lat' dir='ltr'><strong>sorores</strong></span> <span class='ocrx_word' id='word_1_31' title='bbox 2015 525 2032 549; x_wconf 88' lang='lat'><strong>,</strong></span> 
     </span>
    </p>
   </div>
   <div class='ocr_carea' id='block_1_6' title="bbox 435 583 2035 648">
    <p class='ocr_par' dir='ltr' id='par_1_6' title="bbox 435 583 2035 648">
     <span class='ocr_line' id='line_1_6' title="bbox 435 583 2035 648; baseline -0.009 -6"><span class='ocrx_word' id='word_1_32' title='bbox 435 587 613 643; x_wconf 84' lang='lat' dir='ltr'><strong>adhuc</strong></span> <span class='ocrx_word' id='word_1_33' title='bbox 639 595 818 640; x_wconf 84' lang='lat' dir='ltr'><strong>autem</strong></span> <span class='ocrx_word' id='word_1_34' title='bbox 839 593 889 638; x_wconf 84' lang='lat' dir='ltr'><strong>et</strong></span> <span class='ocrx_word' id='word_1_35' title='bbox 916 583 1152 636; x_wconf 87' lang='lat' dir='ltr'><strong>animam</strong></span> <span class='ocrx_word' id='word_1_36' title='bbox 1175 595 1349 645; x_wconf 85' lang='lat' dir='ltr'><strong>suam,</strong></span> <span class='ocrx_word' id='word_1_37' title='bbox 1400 593 1504 632; x_wconf 85' lang='lat' dir='ltr'><strong>non</strong></span> <span class='ocrx_word' id='word_1_38' title='bbox 1537 585 1708 648; x_wconf 78' lang='lat' dir='ltr'><strong>potest</strong></span> <span class='ocrx_word' id='word_1_39' title='bbox 1747 591 1891 630; x_wconf 82' lang='lat' dir='ltr'><strong>meus</strong></span> <span class='ocrx_word' id='word_1_40' title='bbox 1924 589 2035 628; x_wconf 83' lang='lat' dir='ltr'><strong>esse</strong></span> 
     </span>
    </p>
   </div>
   <div class='ocr_carea' id='block_1_7' title="bbox 437 665 2035 746">
    <p class='ocr_par' dir='ltr' id='par_1_7' title="bbox 437 665 2035 746">
     <span class='ocr_line' id='line_1_7' title="bbox 437 665 2035 746; baseline -0.009 -15"><span class='ocrx_word' id='word_1_41' title='bbox 437 673 738 746; x_wconf 75' lang='lat' dir='ltr'><strong>discipulus</strong></span> <span class='ocrx_word' id='word_1_42' title='bbox 768 671 920 743; x_wconf 83' lang='lat' dir='ltr'><strong>(Luc.</strong></span> <span class='ocrx_word' id='word_1_43' title='bbox 953 669 1088 740; x_wconf 77' lang='lat' dir='ltr'><strong>xlv).</strong></span> <span class='ocrx_word' id='word_1_44' title='bbox 1120 665 1240 722; x_wconf 89' lang='lat' dir='ltr'><strong>Non</strong></span> <span class='ocrx_word' id='word_1_45' title='bbox 1271 681 1404 738; x_wconf 79' lang='lat' dir='ltr'><strong>ergo</strong></span> <span class='ocrx_word' id='word_1_46' title='bbox 1437 666 1504 722; x_wconf 91' lang='lat' dir='ltr'><strong>de</strong></span> <span class='ocrx_word' id='word_1_47' title='bbox 1530 666 1656 722; x_wconf 90' lang='lat' dir='ltr'><strong>odio</strong></span> <span class='ocrx_word' id='word_1_48' title='bbox 1678 665 1825 736; x_wconf 77' lang='lat' dir='ltr'><strong>iuste</strong></span> <span class='ocrx_word' id='word_1_49' title='bbox 1849 679 2035 734; x_wconf 88' lang='lat' dir='ltr'><strong>repre-</strong></span> 
     </span>
    </p>
   </div>
   <div class='ocr_carea' id='block_1_8' title="bbox 437 755 2034 838">
    <p class='ocr_par' dir='ltr' id='par_1_8' title="bbox 437 755 2034 838">
     <span class='ocr_line' id='line_1_8' title="bbox 437 755 2034 838; baseline -0.01 -12"><span class='ocrx_word' id='word_1_50' title='bbox 437 769 754 826; x_wconf 85' lang='lat' dir='ltr'><strong>henduntur</strong></span> <span class='ocrx_word' id='word_1_51' title='bbox 788 767 882 838; x_wconf 87' lang='lat' dir='ltr'><strong>qui</strong></span> <span class='ocrx_word' id='word_1_52' title='bbox 921 765 1162 820; x_wconf 90' lang='lat' dir='ltr'><strong>animam</strong></span> <span class='ocrx_word' id='word_1_53' title='bbox 1215 771 1458 818; x_wconf 89' lang='lat' dir='ltr'><strong>nostram</strong></span> <span class='ocrx_word' id='word_1_54' title='bbox 1485 803 1500 826; x_wconf 92' lang='lat'><strong>,</strong></span> <span class='ocrx_word' id='word_1_55' title='bbox 1551 775 1676 816; x_wconf 91' lang='lat' dir='ltr'><strong>cum</strong></span> <span class='ocrx_word' id='word_1_56' title='bbox 1725 773 1758 813; x_wconf 87' lang='lat' dir='ltr'><strong>a</strong></span> <span class='ocrx_word' id='word_1_57' title='bbox 1808 756 1895 812; x_wconf 84' lang='lat' dir='ltr'><strong>via</strong></span> <span class='ocrx_word' id='word_1_58' title='bbox 1940 755 2034 811; x_wconf 85' lang='lat' dir='ltr'><strong>Dei</strong></span> 
     </span>
    </p>
   </div>
   <div class='ocr_carea' id='block_1_9' title="bbox 438 847 2037 927">
    <p class='ocr_par' dir='ltr' id='par_1_9' title="bbox 438 847 2037 927">
     <span class='ocr_line' id='line_1_9' title="bbox 438 847 2037 927; baseline -0.008 -13"><span class='ocrx_word' id='word_1_59' title='bbox 438 859 834 926; x_wconf 80' lang='lat' dir='ltr'><strong>exorbitamus,</strong></span> <span class='ocrx_word' id='word_1_60' title='bbox 887 857 982 927; x_wconf 85' lang='lat' dir='ltr'><strong>qui</strong></span> <span class='ocrx_word' id='word_1_61' title='bbox 1008 863 1220 927; x_wconf 84' lang='lat' dir='ltr'><strong>patrem</strong></span> <span class='ocrx_word' id='word_1_62' title='bbox 1250 864 1304 909; x_wconf 89' lang='lat' dir='ltr'><strong>et</strong></span> <span class='ocrx_word' id='word_1_63' title='bbox 1345 861 1598 918; x_wconf 81' lang='lat' dir='ltr'><strong>matrem,</strong></span> <span class='ocrx_word' id='word_1_64' title='bbox 1632 860 1688 906; x_wconf 91' lang='lat' dir='ltr'><strong>et</strong></span> <span class='ocrx_word' id='word_1_65' title='bbox 1714 863 1932 905; x_wconf 88' lang='lat' dir='ltr'><strong>omnem</strong></span> <span class='ocrx_word' id='word_1_66' title='bbox 1960 847 2037 902; x_wconf 80' lang='lat' dir='ltr'><strong>af-</strong></span> 
     </span>
    </p>
   </div>
   <div class='ocr_carea' id='block_1_10' title="bbox 437 937 2038 1018">
    <p class='ocr_par' dir='ltr' id='par_1_10' title="bbox 437 937 2038 1018">
     <span class='ocr_line' id='line_1_10' title="bbox 437 937 2038 1018; baseline -0.008 -14"><span class='ocrx_word' id='word_1_67' title='bbox 437 947 666 1014; x_wconf 80' lang='lat' dir='ltr'><strong>fectum,</strong></span> <span class='ocrx_word' id='word_1_68' title='bbox 695 947 790 1018; x_wconf 88' lang='lat' dir='ltr'><strong>qui</strong></span> <span class='ocrx_word' id='word_1_69' title='bbox 817 947 979 1004; x_wconf 88' lang='lat' dir='ltr'><strong>nobis</strong></span> <span class='ocrx_word' id='word_1_70' title='bbox 1011 947 1064 1001; x_wconf 91' lang='lat' dir='ltr'><strong>in</strong></span> <span class='ocrx_word' id='word_1_71' title='bbox 1093 945 1179 1000; x_wconf 76' lang='lat' dir='ltr'><strong>via</strong></span> <span class='ocrx_word' id='word_1_72' title='bbox 1217 943 1311 998; x_wconf 89' lang='lat' dir='ltr'><strong>Dei</strong></span> <span class='ocrx_word' id='word_1_73' title='bbox 1347 943 1548 1008; x_wconf 90' lang='lat' dir='ltr'><strong>obstat,</strong></span> <span class='ocrx_word' id='word_1_74' title='bbox 1577 940 1760 996; x_wconf 89' lang='lat' dir='ltr'><strong>odisse</strong></span> <span class='ocrx_word' id='word_1_75' title='bbox 1787 937 2038 1010; x_wconf 66' lang='lat' dir='ltr'><strong>praecipi-</strong></span> 
     </span>
    </p>
   </div>
   <div class='ocr_carea' id='block_1_11' title="bbox 441 1029 2038 1108">
    <p class='ocr_par' dir='ltr' id='par_1_11' title="bbox 441 1029 2038 1108">
     <span class='ocr_line' id='line_1_11' title="bbox 441 1029 2038 1108; baseline -0.008 -14"><span class='ocrx_word' id='word_1_76' title='bbox 441 1054 587 1094; x_wconf 87' lang='lat' dir='ltr'><strong>mur.</strong></span> <span class='ocrx_word' id='word_1_77' title='bbox 627 1038 757 1094; x_wconf 90' lang='lat' dir='ltr'><strong>Inde</strong></span> <span class='ocrx_word' id='word_1_78' title='bbox 781 1046 866 1094; x_wconf 87' lang='lat' dir='ltr'><strong>est</strong></span> <span class='ocrx_word' id='word_1_79' title='bbox 893 1037 1041 1108; x_wconf 88' lang='lat' dir='ltr'><strong>quod</strong></span> <span class='ocrx_word' id='word_1_80' title='bbox 1072 1035 1226 1092; x_wconf 88' lang='lat' dir='ltr'><strong>omni</strong></span> <span class='ocrx_word' id='word_1_81' title='bbox 1247 1033 1450 1100; x_wconf 84' lang='lat' dir='ltr'><strong>studio,</strong></span> <span class='ocrx_word' id='word_1_82' title='bbox 1477 1031 1629 1086; x_wconf 87' lang='lat' dir='ltr'><strong>omni</strong></span> <span class='ocrx_word' id='word_1_83' title='bbox 1652 1039 1852 1086; x_wconf 87' lang='lat' dir='ltr'><strong>conatu</strong></span> <span class='ocrx_word' id='word_1_84' title='bbox 1885 1029 2038 1083; x_wconf 82' lang='lat' dir='ltr'><strong>labo-</strong></span> 
     </span>
    </p>
   </div>
   <div class='ocr_carea' id='block_1_12' title="bbox 443 1122 2039 1196">
    <p class='ocr_par' dir='ltr' id='par_1_12' title="bbox 443 1122 2039 1196">
     <span class='ocr_line' id='line_1_12' title="bbox 443 1122 2039 1196; baseline -0.006 -11"><span class='ocrx_word' id='word_1_85' title='bbox 443 1145 632 1186; x_wconf 83' lang='lat' dir='ltr'><strong>ramus</strong></span> <span class='ocrx_word' id='word_1_86' title='bbox 673 1137 734 1184; x_wconf 91' lang='lat' dir='ltr'><strong>ut</strong></span> <span class='ocrx_word' id='word_1_87' title='bbox 767 1129 958 1186; x_wconf 83' lang='lat' dir='ltr'><strong>hostes</strong></span> <span class='ocrx_word' id='word_1_88' title='bbox 985 1128 1244 1184; x_wconf 70' lang='lat' dir='ltr'><strong>Ecclesia:</strong></span> <span class='ocrx_word' id='word_1_89' title='bbox 1267 1169 1281 1193; x_wconf 91' lang='lat'><strong>,</strong></span> <span class='ocrx_word' id='word_1_90' title='bbox 1309 1141 1412 1181; x_wconf 90' lang='lat' dir='ltr'><strong>nos</strong></span> <span class='ocrx_word' id='word_1_91' title='bbox 1439 1139 1660 1196; x_wconf 87' lang='lat' dir='ltr'><strong>quoque</strong></span> <span class='ocrx_word' id='word_1_92' title='bbox 1686 1131 1748 1178; x_wconf 93' lang='lat' dir='ltr'><strong>ut</strong></span> <span class='ocrx_word' id='word_1_93' title='bbox 1781 1122 2039 1178; x_wconf 71' lang='lat' dir='ltr'><strong>adversa-</strong></span> 
     </span>
    </p>
   </div>
   <div class='ocr_carea' id='block_1_13' title="bbox 424 1209 2037 1288">
    <p class='ocr_par' dir='ltr' id='par_1_13' title="bbox 424 1209 2037 1288">
     <span class='ocr_line' id='line_1_13' title="bbox 424 1209 2037 1288; baseline -0.006 -15"><span class='ocrx_word' id='word_1_94' title='bbox 424 1220 555 1287; x_wconf 83' lang='lat' dir='ltr'><strong>rios</strong></span> <span class='ocrx_word' id='word_1_95' title='bbox 575 1233 870 1275; x_wconf 81' lang='lat' dir='ltr'><strong>caveamus</strong></span> <span class='ocrx_word' id='word_1_96' title='bbox 895 1261 910 1286; x_wconf 95' lang='lat'><strong>,</strong></span> <span class='ocrx_word' id='word_1_97' title='bbox 957 1226 1011 1274; x_wconf 89' lang='lat' dir='ltr'><strong>et</strong></span> <span class='ocrx_word' id='word_1_98' title='bbox 1044 1234 1155 1273; x_wconf 86' lang='lat' dir='ltr'><strong>non</strong></span> <span class='ocrx_word' id='word_1_99' title='bbox 1185 1260 1198 1284; x_wconf 92' lang='lat'><strong>,</strong></span> <span class='ocrx_word' id='word_1_100' title='bbox 1238 1217 1367 1288; x_wconf 81' lang='lat' dir='ltr'><strong>quia</strong></span> <span class='ocrx_word' id='word_1_101' title='bbox 1405 1215 1579 1270; x_wconf 83' lang='lat' dir='ltr'><strong>nostri</strong></span> <span class='ocrx_word' id='word_1_102' title='bbox 1605 1256 1619 1282; x_wconf 95' lang='lat'><strong>,</strong></span> <span class='ocrx_word' id='word_1_103' title='bbox 1658 1213 1752 1269; x_wconf 85' lang='lat' dir='ltr'><strong>sed</strong></span> <span class='ocrx_word' id='word_1_104' title='bbox 1781 1211 1909 1283; x_wconf 86' lang='lat' dir='ltr'><strong>quia</strong></span> <span class='ocrx_word' id='word_1_105' title='bbox 1939 1209 2037 1266; x_wconf 87' lang='lat' dir='ltr'><strong>Dei</strong></span> 
     </span>
    </p>
   </div>
   <div class='ocr_carea' id='block_1_14' title="bbox 442 1307 1336 1376">
    <p class='ocr_par' dir='ltr' id='par_1_14' title="bbox 442 1307 1336 1376">
     <span class='ocr_line' id='line_1_14' title="bbox 442 1307 1336 1376; baseline -0.001 -13"><span class='ocrx_word' id='word_1_106' title='bbox 442 1308 654 1365; x_wconf 81' lang='lat' dir='ltr'><strong>inimici</strong></span> <span class='ocrx_word' id='word_1_107' title='bbox 677 1317 828 1376; x_wconf 89' lang='lat' dir='ltr'><strong>sunt,</strong></span> <span class='ocrx_word' id='word_1_108' title='bbox 855 1307 984 1364; x_wconf 90' lang='lat' dir='ltr'><strong>odio</strong></span> <span class='ocrx_word' id='word_1_109' title='bbox 1011 1309 1336 1364; x_wconf 79' lang='lat' dir='ltr'><strong>habeamus.</strong></span> 
     </span>
    </p>
   </div>
   <div class='ocr_carea' id='block_1_15' title="bbox 511 1394 2041 1470">
    <p class='ocr_par' dir='ltr' id='par_1_15' title="bbox 511 1394 2041 1470">
     <span class='ocr_line' id='line_1_15' title="bbox 511 1394 2041 1470; baseline -0.004 -16"><span class='ocrx_word' id='word_1_110' title='bbox 511 1397 702 1466; x_wconf 79' lang='lat' dir='ltr'><strong>Porro,</strong></span> <span class='ocrx_word' id='word_1_111' title='bbox 729 1399 878 1470; x_wconf 89' lang='lat' dir='ltr'><strong>quod</strong></span> <span class='ocrx_word' id='word_1_112' title='bbox 903 1399 972 1454; x_wconf 91' lang='lat' dir='ltr'><strong>de</strong></span> <span class='ocrx_word' id='word_1_113' title='bbox 1001 1415 1136 1470; x_wconf 87' lang='lat' dir='ltr'><strong>pace</strong></span> <span class='ocrx_word' id='word_1_114' title='bbox 1157 1415 1283 1455; x_wconf 93' lang='lat' dir='ltr'><strong>cum</strong></span> <span class='ocrx_word' id='word_1_115' title='bbox 1315 1397 1576 1454; x_wconf 88' lang='lat' dir='ltr'><strong>omnibus</strong></span> <span class='ocrx_word' id='word_1_116' title='bbox 1598 1395 1922 1451; x_wconf 89' lang='lat' dir='ltr'><strong>hominibus</strong></span> <span class='ocrx_word' id='word_1_117' title='bbox 1949 1394 2041 1448; x_wconf 49' lang='lat' dir='ltr'><strong>han</strong></span> 
     </span>
    </p>
   </div>
   <div class='ocr_carea' id='block_1_16' title="bbox 445 1488 2044 1562">
    <p class='ocr_par' dir='ltr' id='par_1_16' title="bbox 445 1488 2044 1562">
     <span class='ocr_line' id='line_1_16' title="bbox 445 1488 2044 1562; baseline -0.003 -15"><span class='ocrx_word' id='word_1_118' title='bbox 445 1491 623 1548; x_wconf 88' lang='lat' dir='ltr'><strong>benda</strong></span> <span class='ocrx_word' id='word_1_119' title='bbox 667 1492 967 1562; x_wconf 81' lang='lat' dir='ltr'><strong>persuades</strong></span> <span class='ocrx_word' id='word_1_120' title='bbox 991 1534 1007 1560; x_wconf 92' lang='lat'><strong>,</strong></span> <span class='ocrx_word' id='word_1_121' title='bbox 1035 1493 1352 1548; x_wconf 84' lang='lat' dir='ltr'><strong>meminisse</strong></span> <span class='ocrx_word' id='word_1_122' title='bbox 1379 1492 1545 1548; x_wconf 82' lang='lat' dir='ltr'><strong>debes</strong></span> <span class='ocrx_word' id='word_1_123' title='bbox 1570 1490 1700 1562; x_wconf 89' lang='lat' dir='ltr'><strong>quia</strong></span> <span class='ocrx_word' id='word_1_124' title='bbox 1727 1531 1742 1557; x_wconf 94' lang='lat'><strong>,</strong></span> <span class='ocrx_word' id='word_1_125' title='bbox 1777 1488 2044 1560; x_wconf 77' lang='lat' dir='ltr'><strong>pra-misit</strong></span> 
     </span>
    </p>
   </div>
   <div class='ocr_carea' id='block_1_17' title="bbox 2138 472 3735 547">
    <p class='ocr_par' dir='ltr' id='par_1_17' title="bbox 2138 472 3735 547">
     <span class='ocr_line' id='line_1_17' title="bbox 2138 472 3735 547; baseline -0.007 -13"><span class='ocrx_word' id='word_1_126' title='bbox 2138 478 2515 534; x_wconf 84' lang='lat' dir='ltr'><strong>mareltionem</strong></span> <span class='ocrx_word' id='word_1_127' title='bbox 2553 475 2916 547; x_wconf 78' lang='lat' dir='ltr'><strong>Eggebertum</strong></span> <span class='ocrx_word' id='word_1_128' title='bbox 2943 475 3166 546; x_wconf 79' lang='lat' dir='ltr'><strong>pessimi</strong></span> <span class='ocrx_word' id='word_1_129' title='bbox 3194 473 3452 528; x_wconf 86' lang='lat' dir='ltr'><strong>interitus</strong></span> <span class='ocrx_word' id='word_1_130' title='bbox 3472 472 3735 535; x_wconf 82' lang='lat' dir='ltr'><strong>damnas,</strong></span> 
     </span>
    </p>
   </div>
   <div class='ocr_carea' id='block_1_18' title="bbox 2133 563 3734 639">
    <p class='ocr_par' dir='ltr' id='par_1_18' title="bbox 2133 563 3734 639">
     <span class='ocr_line' id='line_1_18' title="bbox 2133 563 3734 639; baseline -0.007 -13"><span class='ocrx_word' id='word_1_131' title='bbox 2133 579 2188 626; x_wconf 89' lang='lat' dir='ltr'><strong>et</strong></span> <span class='ocrx_word' id='word_1_132' title='bbox 2209 569 2493 626; x_wconf 91' lang='lat' dir='ltr'><strong>dominum</strong></span> <span class='ocrx_word' id='word_1_133' title='bbox 2523 567 2700 636; x_wconf 84' lang='lat' dir='ltr'><strong>tuum,</strong></span> <span class='ocrx_word' id='word_1_134' title='bbox 2727 568 2855 639; x_wconf 83' lang='lat' dir='ltr'><strong>quia</strong></span> <span class='ocrx_word' id='word_1_135' title='bbox 2882 565 2990 623; x_wconf 90' lang='lat' dir='ltr'><strong>illis</strong></span> <span class='ocrx_word' id='word_1_136' title='bbox 3009 576 3288 637; x_wconf 81' lang='lat' dir='ltr'><strong>superstes</strong></span> <span class='ocrx_word' id='word_1_137' title='bbox 3304 573 3410 630; x_wconf 87' lang='lat' dir='ltr'><strong>est,</strong></span> <span class='ocrx_word' id='word_1_138' title='bbox 3433 563 3734 628; x_wconf 79' lang='lat' dir='ltr'><strong>bonilieas;</strong></span> 
     </span>
    </p>
   </div>
   <div class='ocr_carea' id='block_1_19' title="bbox 2085 657 3739 734">
    <p class='ocr_par' dir='ltr' id='par_1_19' title="bbox 2085 657 3739 734">
     <span class='ocr_line' id='line_1_19' title="bbox 2085 657 3739 734; baseline -0.004 -18"><span class='ocrx_word' id='word_1_139' title='bbox 2085 705 2092 716; x_wconf 79' lang='lat'><strong><em>,</em></strong></span> <span class='ocrx_word' id='word_1_140' title='bbox 2135 665 2304 734; x_wconf 83' lang='lat' dir='ltr'><strong>liquet</strong></span> <span class='ocrx_word' id='word_1_141' title='bbox 2331 661 2578 734; x_wconf 81' lang='lat' dir='ltr'><strong>profecto</strong></span> <span class='ocrx_word' id='word_1_142' title='bbox 2600 705 2616 730; x_wconf 94' lang='lat'><strong>,</strong></span> <span class='ocrx_word' id='word_1_143' title='bbox 2643 663 2713 717; x_wconf 87' lang='lat' dir='ltr'><strong>ab</strong></span> <span class='ocrx_word' id='word_1_144' title='bbox 2737 661 2887 717; x_wconf 90' lang='lat' dir='ltr'><strong>omni</strong></span> <span class='ocrx_word' id='word_1_145' title='bbox 2915 659 3184 731; x_wconf 86' lang='lat' dir='ltr'><strong>spirituali</strong></span> <span class='ocrx_word' id='word_1_146' title='bbox 3209 669 3264 714; x_wconf 89' lang='lat' dir='ltr'><strong>te</strong></span> <span class='ocrx_word' id='word_1_147' title='bbox 3288 657 3739 715; x_wconf 80' lang='lat' dir='ltr'><strong>consideratione</strong></span> 
     </span>
    </p>
   </div>
   <div class='ocr_carea' id='block_1_20' title="bbox 2133 750 3736 820">
    <p class='ocr_par' dir='ltr' id='par_1_20' title="bbox 2133 750 3736 820">
     <span class='ocr_line' id='line_1_20' title="bbox 2133 750 3736 820; baseline -0.006 -8"><span class='ocrx_word' id='word_1_148' title='bbox 2133 771 2356 813; x_wconf 90' lang='lat' dir='ltr'><strong>manere</strong></span> <span class='ocrx_word' id='word_1_149' title='bbox 2387 773 2642 812; x_wconf 78' lang='lat' dir='ltr'><strong>vacuum.</strong></span> <span class='ocrx_word' id='word_1_150' title='bbox 2671 754 2864 812; x_wconf 86' lang='lat' dir='ltr'><strong>Nonne</strong></span> <span class='ocrx_word' id='word_1_151' title='bbox 2885 753 3096 810; x_wconf 81' lang='lat' dir='ltr'><strong>beatius</strong></span> <span class='ocrx_word' id='word_1_152' title='bbox 3120 761 3206 808; x_wconf 88' lang='lat' dir='ltr'><strong>est</strong></span> <span class='ocrx_word' id='word_1_153' title='bbox 3227 753 3367 808; x_wconf 84' lang='lat' dir='ltr'><strong>bene</strong></span> <span class='ocrx_word' id='word_1_154' title='bbox 3395 750 3536 806; x_wconf 85' lang='lat' dir='ltr'><strong>mori</strong></span> <span class='ocrx_word' id='word_1_155' title='bbox 3561 764 3736 820; x_wconf 84' lang='lat' dir='ltr'><strong>quam</strong></span> 
     </span>
    </p>
   </div>
   <div class='ocr_carea' id='block_1_21' title="bbox 2134 845 3737 918">
    <p class='ocr_par' dir='ltr' id='par_1_21' title="bbox 2134 845 3737 918">
     <span class='ocr_line' id='line_1_21' title="bbox 2134 845 3737 918; baseline -0.006 -14"><span class='ocrx_word' id='word_1_156' title='bbox 2134 850 2276 905; x_wconf 84' lang='lat' dir='ltr'><strong>male</strong></span> <span class='ocrx_word' id='word_1_157' title='bbox 2305 849 2524 906; x_wconf 72' lang='lat' dir='ltr'><strong>vivere?</strong></span> <span class='ocrx_word' id='word_1_158' title='bbox 2555 849 2712 904; x_wconf 87' lang='lat' dir='ltr'><strong>Beati</strong></span> <span class='ocrx_word' id='word_1_159' title='bbox 2741 848 2909 913; x_wconf 88' lang='lat' dir='ltr'><strong>enim,</strong></span> <span class='ocrx_word' id='word_1_160' title='bbox 2937 848 3028 918; x_wconf 85' lang='lat' dir='ltr'><strong>qui</strong></span> <span class='ocrx_word' id='word_1_161' title='bbox 3067 846 3481 917; x_wconf 73' lang='lat' dir='ltr'><strong>persecutionem</strong></span> <span class='ocrx_word' id='word_1_162' title='bbox 3509 845 3737 914; x_wconf 75' lang='lat' dir='ltr'><strong>patiun-</strong></span> 
     </span>
    </p>
   </div>
   <div class='ocr_carea' id='block_1_22' title="bbox 2136 932 3738 1012">
    <p class='ocr_par' dir='ltr' id='par_1_22' title="bbox 2136 932 3738 1012">
     <span class='ocr_line' id='line_1_22' title="bbox 2136 932 3738 1012; baseline -0.004 -18"><span class='ocrx_word' id='word_1_163' title='bbox 2136 951 2224 994; x_wconf 85' lang='lat' dir='ltr'><strong>tur</strong></span> <span class='ocrx_word' id='word_1_164' title='bbox 2251 950 2465 1012; x_wconf 86' lang='lat' dir='ltr'><strong>prapter</strong></span> <span class='ocrx_word' id='word_1_165' title='bbox 2486 941 2760 1010; x_wconf 73' lang='lat' dir='ltr'><strong>justitiam</strong></span> <span class='ocrx_word' id='word_1_166' title='bbox 2797 939 3017 1008; x_wconf 77' lang='lat' dir='ltr'><strong>(Matth.</strong></span> <span class='ocrx_word' id='word_1_167' title='bbox 3047 939 3124 1009; x_wconf 69' lang='grc' dir='ltr'><strong>ν).</strong></span> <span class='ocrx_word' id='word_1_168' title='bbox 3168 936 3290 992; x_wconf 83' lang='lat' dir='ltr'><strong>Jam</strong></span> <span class='ocrx_word' id='word_1_169' title='bbox 3336 944 3392 991; x_wconf 88' lang='lat' dir='ltr'><strong>et</strong></span> <span class='ocrx_word' id='word_1_170' title='bbox 3434 932 3738 1000; x_wconf 78' lang='lat' dir='ltr'><strong>Neronem,</strong></span> 
     </span>
    </p>
   </div>
   <div class='ocr_carea' id='block_1_23' title="bbox 2135 1026 3741 1105">
    <p class='ocr_par' dir='ltr' id='par_1_23' title="bbox 2135 1026 3741 1105">
     <span class='ocr_line' id='line_1_23' title="bbox 2135 1026 3741 1105; baseline -0.007 -16"><span class='ocrx_word' id='word_1_171' title='bbox 2135 1035 2264 1104; x_wconf 85' lang='lat' dir='ltr'><strong>quia</strong></span> <span class='ocrx_word' id='word_1_172' title='bbox 2293 1035 2557 1105; x_wconf 88' lang='lat' dir='ltr'><strong>apostolis</strong></span> <span class='ocrx_word' id='word_1_173' title='bbox 2587 1033 2750 1090; x_wconf 87' lang='lat' dir='ltr'><strong>Petro</strong></span> <span class='ocrx_word' id='word_1_174' title='bbox 2770 1041 2824 1088; x_wconf 90' lang='lat' dir='ltr'><strong>et</strong></span> <span class='ocrx_word' id='word_1_175' title='bbox 2844 1031 3038 1098; x_wconf 86' lang='lat' dir='ltr'><strong>Paulo,</strong></span> <span class='ocrx_word' id='word_1_176' title='bbox 3058 1031 3169 1100; x_wconf 83' lang='lat' dir='ltr'><strong>jam</strong></span> <span class='ocrx_word' id='word_1_177' title='bbox 3194 1037 3244 1086; x_wconf 90' lang='lat' dir='ltr'><strong>et</strong></span> <span class='ocrx_word' id='word_1_178' title='bbox 3279 1027 3571 1092; x_wconf 82' lang='lat' dir='ltr'><strong>Herodem,</strong></span> <span class='ocrx_word' id='word_1_179' title='bbox 3603 1026 3741 1096; x_wconf 83' lang='lat' dir='ltr'><strong>quia</strong></span> 
     </span>
    </p>
   </div>
   <div class='ocr_carea' id='block_1_24' title="bbox 2135 1116 3742 1198">
    <p class='ocr_par' dir='ltr' id='par_1_24' title="bbox 2135 1116 3742 1198">
     <span class='ocr_line' id='line_1_24' title="bbox 2135 1116 3742 1198; baseline -0.007 -17"><span class='ocrx_word' id='word_1_180' title='bbox 2135 1123 2340 1182; x_wconf 84' lang='lat' dir='ltr'><strong>Jacobo</strong></span> <span class='ocrx_word' id='word_1_181' title='bbox 2371 1127 2642 1198; x_wconf 84' lang='lat' dir='ltr'><strong>apostolo,</strong></span> <span class='ocrx_word' id='word_1_182' title='bbox 2664 1125 2780 1196; x_wconf 89' lang='lat' dir='ltr'><strong>jam</strong></span> <span class='ocrx_word' id='word_1_183' title='bbox 2805 1133 2860 1180; x_wconf 90' lang='lat' dir='ltr'><strong>et</strong></span> <span class='ocrx_word' id='word_1_184' title='bbox 2883 1123 3140 1188; x_wconf 83' lang='lat' dir='ltr'><strong>Pilatum,</strong></span> <span class='ocrx_word' id='word_1_185' title='bbox 3183 1121 3310 1194; x_wconf 88' lang='lat' dir='ltr'><strong>quia</strong></span> <span class='ocrx_word' id='word_1_186' title='bbox 3343 1119 3581 1174; x_wconf 89' lang='lat' dir='ltr'><strong>Domino</strong></span> <span class='ocrx_word' id='word_1_187' title='bbox 3603 1116 3742 1170; x_wconf 69' lang='lat' dir='ltr'><strong>Iesu</strong></span> 
     </span>
    </p>
   </div>
   <div class='ocr_carea' id='block_1_25' title="bbox 2136 1210 3745 1290">
    <p class='ocr_par' dir='ltr' id='par_1_25' title="bbox 2136 1210 3745 1290">
     <span class='ocr_line' id='line_1_25' title="bbox 2136 1210 3745 1290; baseline -0.007 -16"><span class='ocrx_word' id='word_1_188' title='bbox 2136 1217 2356 1274; x_wconf 77' lang='lat' dir='ltr'><strong>Christo</strong></span> <span class='ocrx_word' id='word_1_189' title='bbox 2379 1218 2804 1290; x_wconf 79' lang='lat' dir='ltr'><strong>supervixerint,</strong></span> <span class='ocrx_word' id='word_1_190' title='bbox 2829 1217 3022 1273; x_wconf 90' lang='lat' dir='ltr'><strong>beatos</strong></span> <span class='ocrx_word' id='word_1_191' title='bbox 3042 1217 3302 1272; x_wconf 77' lang='lat' dir='ltr'><strong>testimas.</strong></span> <span class='ocrx_word' id='word_1_192' title='bbox 3333 1212 3452 1280; x_wconf 87' lang='lat' dir='ltr'><strong>Qua</strong></span> <span class='ocrx_word' id='word_1_193' title='bbox 3477 1210 3745 1281; x_wconf 82' lang='lat' dir='ltr'><strong>opinione</strong></span> 
     </span>
    </p>
   </div>
   <div class='ocr_carea' id='block_1_26' title="bbox 2136 1302 3746 1382">
    <p class='ocr_par' dir='ltr' id='par_1_26' title="bbox 2136 1302 3746 1382">
     <span class='ocr_line' id='line_1_26' title="bbox 2136 1302 3746 1382; baseline -0.006 -18"><span class='ocrx_word' id='word_1_194' title='bbox 2136 1310 2267 1382; x_wconf 84' lang='lat' dir='ltr'><strong>quid</strong></span> <span class='ocrx_word' id='word_1_195' title='bbox 2299 1310 2550 1368; x_wconf 90' lang='lat' dir='ltr'><strong>insanius</strong></span> <span class='ocrx_word' id='word_1_196' title='bbox 2578 1319 2674 1366; x_wconf 89' lang='lat' dir='ltr'><strong>aut</strong></span> <span class='ocrx_word' id='word_1_197' title='bbox 2711 1308 2985 1365; x_wconf 79' lang='lat' dir='ltr'><strong>infelicius</strong></span> <span class='ocrx_word' id='word_1_198' title='bbox 3018 1307 3125 1363; x_wconf 90' lang='lat' dir='ltr'><strong>dici</strong></span> <span class='ocrx_word' id='word_1_199' title='bbox 3155 1305 3366 1377; x_wconf 86' lang='lat' dir='ltr'><strong>potest?</strong></span> <span class='ocrx_word' id='word_1_200' title='bbox 3391 1302 3746 1372; x_wconf 83' lang='lat' dir='ltr'><strong>Quapropter</strong></span> 
     </span>
    </p>
   </div>
   <div class='ocr_carea' id='block_1_27' title="bbox 2137 1397 3744 1474">
    <p class='ocr_par' dir='ltr' id='par_1_27' title="bbox 2137 1397 3744 1474">
     <span class='ocr_line' id='line_1_27' title="bbox 2137 1397 3744 1474; baseline -0.007 -15"><span class='ocrx_word' id='word_1_201' title='bbox 2137 1403 2285 1459; x_wconf 86' lang='lat' dir='ltr'><strong>etab</strong></span> <span class='ocrx_word' id='word_1_202' title='bbox 2321 1403 2425 1458; x_wconf 88' lang='lat' dir='ltr'><strong>hac</strong></span> <span class='ocrx_word' id='word_1_203' title='bbox 2465 1403 2805 1474; x_wconf 84' lang='lat' dir='ltr'><strong>blasphemia</strong></span> <span class='ocrx_word' id='word_1_204' title='bbox 2842 1403 3084 1473; x_wconf 78' lang='lat' dir='ltr'><strong>linguam</strong></span> <span class='ocrx_word' id='word_1_205' title='bbox 3127 1397 3538 1470; x_wconf 82' lang='lat' dir='ltr'><strong>magniloquam</strong></span> <span class='ocrx_word' id='word_1_206' title='bbox 3586 1409 3744 1449; x_wconf 85' lang='lat' dir='ltr'><strong>com—</strong></span> 
     </span>
    </p>
   </div>
   <div class='ocr_carea' id='block_1_28' title="bbox 2138 1488 3746 1566">
    <p class='ocr_par' dir='ltr' id='par_1_28' title="bbox 2138 1488 3746 1566">
     <span class='ocr_line' id='line_1_28' title="bbox 2138 1488 3746 1566; baseline -0.007 -14"><span class='ocrx_word' id='word_1_207' title='bbox 2138 1511 2299 1566; x_wconf 88' lang='lat' dir='ltr'><strong>pesce</strong></span> <span class='ocrx_word' id='word_1_208' title='bbox 2324 1538 2338 1562; x_wconf 92' lang='lat'><strong>,</strong></span> <span class='ocrx_word' id='word_1_209' title='bbox 2381 1497 2486 1551; x_wconf 90' lang='lat' dir='ltr'><strong>nisi</strong></span> <span class='ocrx_word' id='word_1_210' title='bbox 2535 1496 2675 1552; x_wconf 80' lang='lat' dir='ltr'><strong>forte</strong></span> <span class='ocrx_word' id='word_1_211' title='bbox 2712 1498 2768 1553; x_wconf 91' lang='lat' dir='ltr'><strong>in</strong></span> <span class='ocrx_word' id='word_1_212' title='bbox 2810 1509 3040 1552; x_wconf 89' lang='lat' dir='ltr'><strong>numero</strong></span> <span class='ocrx_word' id='word_1_213' title='bbox 3070 1495 3288 1549; x_wconf 88' lang='lat' dir='ltr'><strong>illorum</strong></span> <span class='ocrx_word' id='word_1_214' title='bbox 3338 1501 3394 1546; x_wconf 90' lang='lat' dir='ltr'><strong>te</strong></span> <span class='ocrx_word' id='word_1_215' title='bbox 3443 1488 3746 1547; x_wconf 83' lang='lat' dir='ltr'><strong>constituis</strong></span> 
     </span>
    </p>
   </div>
   <div class='ocr_carea' id='block_1_29' title="bbox 443 1580 3747 1662">
    <p class='ocr_par' dir='ltr' id='par_1_29' title="bbox 443 1580 3747 1662">
     <span class='ocr_line' id='line_1_29' title="bbox 443 1580 3747 1662; baseline -0.002 -24"><span class='ocrx_word' id='word_1_216' title='bbox 443 1582 778 1656; x_wconf 77' lang='lat' dir='ltr'><strong>Apostolus:</strong></span> <span class='ocrx_word' id='word_1_217' title='bbox 820 1582 880 1639; x_wconf 88' lang='lat' dir='ltr'><strong>Si</strong></span> <span class='ocrx_word' id='word_1_218' title='bbox 920 1585 1038 1654; x_wconf 77' lang='lat' dir='ltr'><strong>ﬁeri</strong></span> <span class='ocrx_word' id='word_1_219' title='bbox 1073 1594 1244 1656; x_wconf 79' lang='lat' dir='ltr'><strong>potest</strong></span> <span class='ocrx_word' id='word_1_220' title='bbox 1277 1584 1450 1656; x_wconf 81' lang='lat' dir='ltr'><strong>(llam.</strong></span> <span class='ocrx_word' id='word_1_221' title='bbox 1492 1582 1614 1653; x_wconf 75' lang='lat' dir='ltr'><strong>xu).</strong></span> <span class='ocrx_word' id='word_1_222' title='bbox 1667 1581 1810 1638; x_wconf 86' lang='lat' dir='ltr'><strong>Fieri</strong></span> <span class='ocrx_word' id='word_1_223' title='bbox 1856 1589 2039 1636; x_wconf 88' lang='lat' dir='ltr'><strong>autem</strong></span> <span class='ocrx_word' id='word_1_224' title='bbox 2139 1587 2256 1657; x_wconf 82' lang='lat' dir='ltr'><strong>qui,</strong></span> <span class='ocrx_word' id='word_1_225' title='bbox 2289 1587 2343 1642; x_wconf 94' lang='lat' dir='ltr'><strong>in</strong></span> <span class='ocrx_word' id='word_1_226' title='bbox 2377 1587 2484 1644; x_wconf 85' lang='lat' dir='ltr'><strong>ﬁne</strong></span> <span class='ocrx_word' id='word_1_227' title='bbox 2507 1589 2788 1662; x_wconf 89' lang='lat' dir='ltr'><strong>justorum</strong></span> <span class='ocrx_word' id='word_1_228' title='bbox 2817 1587 3064 1644; x_wconf 74' lang='lat' dir='ltr'><strong>videntes</strong></span> <span class='ocrx_word' id='word_1_229' title='bbox 3092 1585 3344 1658; x_wconf 76' lang='lat' dir='ltr'><strong>gloriam,</strong></span> <span class='ocrx_word' id='word_1_230' title='bbox 3375 1597 3559 1638; x_wconf 86' lang='lat' dir='ltr'><strong>seram</strong></span> <span class='ocrx_word' id='word_1_231' title='bbox 3586 1587 3641 1634; x_wconf 87' lang='lat' dir='ltr'><strong>et</strong></span> <span class='ocrx_word' id='word_1_232' title='bbox 3667 1580 3747 1632; x_wconf 60' lang='lat' dir='ltr'><strong>in.</strong></span> 
     </span>
    </p>
   </div>
   <div class='ocr_carea' id='block_1_30' title="bbox 444 1671 3748 1753">
    <p class='ocr_par' dir='ltr' id='par_1_30' title="bbox 444 1671 3748 1753">
     <span class='ocr_line' id='line_1_30' title="bbox 444 1671 3748 1753; baseline -0.001 -25"><span class='ocrx_word' id='word_1_233' title='bbox 444 1689 556 1728; x_wconf 87' lang='lat' dir='ltr'><strong>non</strong></span> <span class='ocrx_word' id='word_1_234' title='bbox 589 1682 768 1744; x_wconf 88' lang='lat' dir='ltr'><strong>potest</strong></span> <span class='ocrx_word' id='word_1_235' title='bbox 799 1683 862 1728; x_wconf 91' lang='lat' dir='ltr'><strong>ut</strong></span> <span class='ocrx_word' id='word_1_236' title='bbox 893 1690 1020 1729; x_wconf 90' lang='lat' dir='ltr'><strong>cum</strong></span> <span class='ocrx_word' id='word_1_237' title='bbox 1046 1675 1115 1730; x_wconf 91' lang='lat' dir='ltr'><strong>iis</strong></span> <span class='ocrx_word' id='word_1_238' title='bbox 1134 1675 1229 1746; x_wconf 87' lang='lat' dir='ltr'><strong>qui</strong></span> <span class='ocrx_word' id='word_1_239' title='bbox 1263 1673 1374 1730; x_wconf 86' lang='lat' dir='ltr'><strong>Deo</strong></span> <span class='ocrx_word' id='word_1_240' title='bbox 1399 1674 1662 1730; x_wconf 82' lang='lat' dir='ltr'><strong>contrarii</strong></span> <span class='ocrx_word' id='word_1_241' title='bbox 1691 1681 1820 1728; x_wconf 90' lang='lat' dir='ltr'><strong>sunt</strong></span> <span class='ocrx_word' id='word_1_242' title='bbox 1848 1687 2039 1744; x_wconf 86' lang='lat' dir='ltr'><strong>pacem</strong></span> <span class='ocrx_word' id='word_1_243' title='bbox 2141 1678 2482 1735; x_wconf 77' lang='lat' dir='ltr'><strong>fructuosam</strong></span> <span class='ocrx_word' id='word_1_244' title='bbox 2511 1690 2736 1753; x_wconf 82' lang='lat' dir='ltr'><strong>agentes</strong></span> <span class='ocrx_word' id='word_1_245' title='bbox 2759 1679 3157 1751; x_wconf 72' lang='lat' dir='ltr'><strong>pmnitentiam,</strong></span> <span class='ocrx_word' id='word_1_246' title='bbox 3193 1691 3306 1746; x_wconf 71' lang='lat' dir='ltr'><strong>prae</strong></span> <span class='ocrx_word' id='word_1_247' title='bbox 3339 1673 3602 1746; x_wconf 75' lang='lat' dir='ltr'><strong>angustia</strong></span> <span class='ocrx_word' id='word_1_248' title='bbox 3631 1671 3748 1742; x_wconf 84' lang='lat' dir='ltr'><strong>spi-</strong></span> 
     </span>
    </p>
   </div>
   <div class='ocr_carea' id='block_1_31' title="bbox 445 1762 3750 1842">
    <p class='ocr_par' dir='ltr' id='par_1_31' title="bbox 445 1762 3750 1842">
     <span class='ocr_line' id='line_1_31' title="bbox 445 1762 3750 1842; baseline -0.001 -24"><span class='ocrx_word' id='word_1_249' title='bbox 445 1763 770 1820; x_wconf 86' lang='lat' dir='ltr'><strong>babeamus.</strong></span> <span class='ocrx_word' id='word_1_250' title='bbox 803 1763 939 1831; x_wconf 87' lang='lat' dir='ltr'><strong>Quis</strong></span> <span class='ocrx_word' id='word_1_251' title='bbox 969 1775 1152 1822; x_wconf 89' lang='lat' dir='ltr'><strong>autem</strong></span> <span class='ocrx_word' id='word_1_252' title='bbox 1199 1767 1409 1822; x_wconf 88' lang='lat' dir='ltr'><strong>nesciat</strong></span> <span class='ocrx_word' id='word_1_253' title='bbox 1451 1765 1742 1820; x_wconf 88' lang='lat' dir='ltr'><strong>Dominum</strong></span> <span class='ocrx_word' id='word_1_254' title='bbox 1787 1763 2040 1818; x_wconf 72' lang='lat' dir='ltr'><strong>Salvato-</strong></span> <span class='ocrx_word' id='word_1_255' title='bbox 2072 1767 2115 1822; x_wconf 90' lang='lat' dir='ltr'><strong>B</strong></span> <span class='ocrx_word' id='word_1_256' title='bbox 2141 1771 2284 1826; x_wconf 88' lang='lat' dir='ltr'><strong>ritus</strong></span> <span class='ocrx_word' id='word_1_257' title='bbox 2307 1780 2587 1842; x_wconf 79' lang='lat' dir='ltr'><strong>gementes</strong></span> <span class='ocrx_word' id='word_1_258' title='bbox 2621 1773 2805 1828; x_wconf 85' lang='lat' dir='ltr'><strong>dicent</strong></span> <span class='ocrx_word' id='word_1_259' title='bbox 2833 1791 2848 1826; x_wconf 89' lang='lat'><strong>:</strong></span> <span class='ocrx_word' id='word_1_260' title='bbox 2883 1769 2956 1825; x_wconf 81' lang='lat' dir='ltr'><strong>Hi</strong></span> <span class='ocrx_word' id='word_1_261' title='bbox 2995 1777 3116 1823; x_wconf 88' lang='lat' dir='ltr'><strong>sunt</strong></span> <span class='ocrx_word' id='word_1_262' title='bbox 3151 1784 3278 1840; x_wconf 84' lang='lat' dir='ltr'><strong>quos</strong></span> <span class='ocrx_word' id='word_1_263' title='bbox 3315 1765 3614 1836; x_wconf 79' lang='lat' dir='ltr'><strong>aliquando</strong></span> <span class='ocrx_word' id='word_1_264' title='bbox 3648 1762 3750 1815; x_wconf 51' lang='lat' dir='ltr'><strong>hac</strong></span> 
     </span>
    </p>
   </div>
   <div class='ocr_carea' id='block_1_32' title="bbox 446 1853 2065 1928">
    <p class='ocr_par' dir='ltr' id='par_1_32' title="bbox 446 1854 2042 1928">
     <span class='ocr_line' id='line_1_32' title="bbox 446 1854 2042 1928; baseline -0.001 -18"><span class='ocrx_word' id='word_1_265' title='bbox 446 1870 562 1910; x_wconf 88' lang='lat' dir='ltr'><strong>rem</strong></span> <span class='ocrx_word' id='word_1_266' title='bbox 589 1871 698 1912; x_wconf 91' lang='lat' dir='ltr'><strong>non</strong></span> <span class='ocrx_word' id='word_1_267' title='bbox 721 1857 900 1912; x_wconf 88' lang='lat' dir='ltr'><strong>solum</strong></span> <span class='ocrx_word' id='word_1_268' title='bbox 923 1871 1114 1928; x_wconf 85' lang='lat' dir='ltr'><strong>pacem</strong></span> <span class='ocrx_word' id='word_1_269' title='bbox 1139 1859 1544 1923; x_wconf 86' lang='lat' dir='ltr'><strong>commendare,</strong></span> <span class='ocrx_word' id='word_1_270' title='bbox 1573 1872 1698 1912; x_wconf 90' lang='lat' dir='ltr'><strong>cum</strong></span> <span class='ocrx_word' id='word_1_271' title='bbox 1724 1856 1894 1912; x_wconf 86' lang='lat' dir='ltr'><strong>dicit:</strong></span> <span class='ocrx_word' id='word_1_272' title='bbox 1932 1854 2042 1909; x_wconf 81' lang='lat' dir='ltr'><strong>Pa-</strong></span> 
     </span>
    </p>
   </div>
   <div class='ocr_carea' id='block_1_33' title="bbox 2152 1853 3744 1928">
    <p class='ocr_par' dir='ltr' id='par_1_33' title="bbox 2152 1853 3744 1926">
     <span class='ocr_line' id='line_1_33' title="bbox 2152 1853 3744 1926; baseline -0.009 -6"><span class='ocrx_word' id='word_1_273' title='bbox 2152 1865 2352 1920; x_wconf 79' lang='lat' dir='ltr'><strong>buimns</strong></span> <span class='ocrx_word' id='word_1_274' title='bbox 2391 1865 2448 1918; x_wconf 88' lang='lat' dir='ltr'><strong>in</strong></span> <span class='ocrx_word' id='word_1_275' title='bbox 2485 1864 2722 1919; x_wconf 84' lang='lat' dir='ltr'><strong>derisum</strong></span> <span class='ocrx_word' id='word_1_276' title='bbox 2767 1873 2817 1920; x_wconf 90' lang='lat' dir='ltr'><strong>et</strong></span> <span class='ocrx_word' id='word_1_277' title='bbox 2860 1864 2917 1916; x_wconf 86' lang='lat' dir='ltr'><strong>in</strong></span> <span class='ocrx_word' id='word_1_278' title='bbox 2955 1860 3364 1916; x_wconf 85' lang='lat' dir='ltr'><strong>similitudinem</strong></span> <span class='ocrx_word' id='word_1_279' title='bbox 3408 1853 3744 1926; x_wconf 77' lang='lat' dir='ltr'><strong>improperii.</strong></span> 
     </span>
    </p>
   </div>
   <div class='ocr_carea' id='block_1_34' title="bbox 445 1945 2065 2024">
    <p class='ocr_par' dir='ltr' id='par_1_34' title="bbox 445 1945 2042 2022">
     <span class='ocr_line' id='line_1_34' title="bbox 445 1945 2042 2022; baseline 0 -20"><span class='ocrx_word' id='word_1_280' title='bbox 445 1965 558 2004; x_wconf 85' lang='lat' dir='ltr'><strong>cem</strong></span> <span class='ocrx_word' id='word_1_281' title='bbox 592 1966 763 2006; x_wconf 83' lang='lat' dir='ltr'><strong>meam</strong></span> <span class='ocrx_word' id='word_1_282' title='bbox 817 1951 886 2006; x_wconf 83' lang='lat' dir='ltr'><strong>do</strong></span> <span class='ocrx_word' id='word_1_283' title='bbox 936 1949 1103 2019; x_wconf 84' lang='lat' dir='ltr'><strong>vobis,</strong></span> <span class='ocrx_word' id='word_1_284' title='bbox 1149 1967 1333 2022; x_wconf 82' lang='lat' dir='ltr'><strong>pacem</strong></span> <span class='ocrx_word' id='word_1_285' title='bbox 1386 1945 1560 2005; x_wconf 77' lang='lat' dir='ltr'><strong>meum</strong></span> <span class='ocrx_word' id='word_1_286' title='bbox 1607 1950 1848 2020; x_wconf 76' lang='lat' dir='ltr'><strong>relinquo</strong></span> <span class='ocrx_word' id='word_1_287' title='bbox 1898 1947 2042 2002; x_wconf 73' lang='lat' dir='ltr'><strong>vobis</strong></span> 
     </span>
    </p>
   </div>
   <div class='ocr_carea' id='block_1_35' title="bbox 2152 1945 3749 2024">
    <p class='ocr_par' dir='ltr' id='par_1_35' title="bbox 2152 1949 3749 2024">
     <span class='ocr_line' id='line_1_35' title="bbox 2152 1949 3749 2024; baseline -0.008 -11"><span class='ocrx_word' id='word_1_288' title='bbox 2152 1957 2260 2013; x_wconf 87' lang='lat' dir='ltr'><strong>Nos</strong></span> <span class='ocrx_word' id='word_1_289' title='bbox 2297 1959 2574 2024; x_wconf 84' lang='lat' dir='ltr'><strong>insensati,</strong></span> <span class='ocrx_word' id='word_1_290' title='bbox 2605 1959 2770 2011; x_wconf 68' lang='lat' dir='ltr'><strong>vitam</strong></span> <span class='ocrx_word' id='word_1_291' title='bbox 2799 1956 3016 2011; x_wconf 87' lang='lat' dir='ltr'><strong>illorum</strong></span> <span class='ocrx_word' id='word_1_292' title='bbox 3041 1954 3442 2011; x_wconf 72' lang='lat' dir='ltr'><strong>wstimabamus</strong></span> <span class='ocrx_word' id='word_1_293' title='bbox 3473 1949 3749 2004; x_wconf 79' lang='lat' dir='ltr'><strong>insaniam</strong></span> 
     </span>
    </p>
   </div>
   <div class='ocr_carea' id='block_1_36' title="bbox 447 2039 2065 2120">
    <p class='ocr_par' dir='ltr' id='par_1_36' title="bbox 447 2039 2046 2114">
     <span class='ocr_line' id='line_1_36' title="bbox 447 2039 2046 2114; baseline 0.001 -21"><span class='ocrx_word' id='word_1_294' title='bbox 447 2039 634 2111; x_wconf 75' lang='lat' dir='ltr'><strong>(Joan.</strong></span> <span class='ocrx_word' id='word_1_295' title='bbox 665 2041 780 2113; x_wconf 75' lang='lat' dir='ltr'><strong>xiv)</strong></span> <span class='ocrx_word' id='word_1_296' title='bbox 805 2083 822 2110; x_wconf 93' lang='lat'><strong>,</strong></span> <span class='ocrx_word' id='word_1_297' title='bbox 855 2043 952 2099; x_wconf 85' lang='lat' dir='ltr'><strong>sed</strong></span> <span class='ocrx_word' id='word_1_298' title='bbox 977 2041 1146 2099; x_wconf 85' lang='lat' dir='ltr'><strong>etiam</strong></span> <span class='ocrx_word' id='word_1_299' title='bbox 1171 2044 1349 2114; x_wconf 86' lang='lat' dir='ltr'><strong>ipsam</strong></span> <span class='ocrx_word' id='word_1_300' title='bbox 1384 2055 1571 2114; x_wconf 86' lang='lat' dir='ltr'><strong>pacem</strong></span> <span class='ocrx_word' id='word_1_301' title='bbox 1605 2041 1876 2106; x_wconf 78' lang='lat' dir='ltr'><strong>existere,</strong></span> <span class='ocrx_word' id='word_1_302' title='bbox 1903 2039 2046 2096; x_wconf 87' lang='lat' dir='ltr'><strong>sicut</strong></span> 
     </span>
    </p>
   </div>
   <div class='ocr_carea' id='block_1_37' title="bbox 2152 2039 3751 2120">
    <p class='ocr_par' dir='ltr' id='par_1_37' title="bbox 2152 2043 3751 2120">
     <span class='ocr_line' id='line_1_37' title="bbox 2152 2043 3751 2120; baseline -0.008 -14"><span class='ocrx_word' id='word_1_303' title='bbox 2152 2061 2194 2106; x_wconf 77' lang='lat' dir='ltr'><strong>et</strong></span> <span class='ocrx_word' id='word_1_304' title='bbox 2239 2051 2396 2120; x_wconf 78' lang='lat' dir='ltr'><strong>ﬁnem</strong></span> <span class='ocrx_word' id='word_1_305' title='bbox 2427 2050 2644 2105; x_wconf 85' lang='lat' dir='ltr'><strong>illorum</strong></span> <span class='ocrx_word' id='word_1_306' title='bbox 2677 2047 2791 2104; x_wconf 86' lang='lat' dir='ltr'><strong>sine</strong></span> <span class='ocrx_word' id='word_1_307' title='bbox 2829 2050 3042 2104; x_wconf 80' lang='lat' dir='ltr'><strong>honore.</strong></span> <span class='ocrx_word' id='word_1_308' title='bbox 3089 2046 3226 2102; x_wconf 82' lang='lat' dir='ltr'><strong>Ecce</strong></span> <span class='ocrx_word' id='word_1_309' title='bbox 3251 2088 3266 2114; x_wconf 92' lang='lat'><strong>,</strong></span> <span class='ocrx_word' id='word_1_310' title='bbox 3297 2043 3566 2116; x_wconf 85' lang='lat' dir='ltr'><strong>quomodo</strong></span> <span class='ocrx_word' id='word_1_311' title='bbox 3603 2057 3751 2096; x_wconf 78' lang='lat' dir='ltr'><strong>rom-</strong></span> 
     </span>
    </p>
   </div>
   <div class='ocr_carea' id='block_1_38' title="bbox 449 2129 2065 2212">
    <p class='ocr_par' dir='ltr' id='par_1_38' title="bbox 449 2131 2044 2205">
     <span class='ocr_line' id='line_1_38' title="bbox 449 2131 2044 2205; baseline 0.001 -21"><span class='ocrx_word' id='word_1_312' title='bbox 449 2131 527 2185; x_wconf 90' lang='lat' dir='ltr'><strong>ait</strong></span> <span class='ocrx_word' id='word_1_313' title='bbox 547 2131 844 2200; x_wconf 75' lang='lat' dir='ltr'><strong>Apostolus</strong></span> <span class='ocrx_word' id='word_1_314' title='bbox 871 2150 887 2187; x_wconf 86' lang='lat'><strong>:</strong></span> <span class='ocrx_word' id='word_1_315' title='bbox 918 2133 1042 2204; x_wconf 86' lang='lat' dir='ltr'><strong>Ipse</strong></span> <span class='ocrx_word' id='word_1_316' title='bbox 1068 2143 1148 2189; x_wconf 83' lang='lat' dir='ltr'><strong>est</strong></span> <span class='ocrx_word' id='word_1_317' title='bbox 1177 2150 1286 2205; x_wconf 75' lang='lat' dir='ltr'><strong>pax</strong></span> <span class='ocrx_word' id='word_1_318' title='bbox 1311 2144 1514 2200; x_wconf 85' lang='lat' dir='ltr'><strong>nostra,</strong></span> <span class='ocrx_word' id='word_1_319' title='bbox 1548 2134 1639 2204; x_wconf 76' lang='lat' dir='ltr'><strong>qui</strong></span> <span class='ocrx_word' id='word_1_320' title='bbox 1669 2133 1792 2203; x_wconf 75' lang='lat' dir='ltr'><strong>fecit</strong></span> <span class='ocrx_word' id='word_1_321' title='bbox 1821 2141 2044 2202; x_wconf 74' lang='lat' dir='ltr'><strong>utraque</strong></span> 
     </span>
    </p>
   </div>
   <div class='ocr_carea' id='block_1_39' title="bbox 2152 2129 3752 2212">
    <p class='ocr_par' dir='ltr' id='par_1_39' title="bbox 2152 2129 3752 2212">
     <span class='ocr_line' id='line_1_39' title="bbox 2152 2129 3752 2212; baseline -0.008 -16"><span class='ocrx_word' id='word_1_322' title='bbox 2152 2129 2320 2210; x_wconf 67' lang='lat' dir='ltr'><strong>putati</strong></span> <span class='ocrx_word' id='word_1_323' title='bbox 2348 2151 2471 2195; x_wconf 86' lang='lat' dir='ltr'><strong>sunt</strong></span> <span class='ocrx_word' id='word_1_324' title='bbox 2509 2142 2648 2195; x_wconf 87' lang='lat' dir='ltr'><strong>inter</strong></span> <span class='ocrx_word' id='word_1_325' title='bbox 2675 2139 2816 2212; x_wconf 79' lang='lat' dir='ltr'><strong>ﬁlios</strong></span> <span class='ocrx_word' id='word_1_326' title='bbox 2853 2139 2974 2206; x_wconf 87' lang='lat' dir='ltr'><strong>Dei,</strong></span> <span class='ocrx_word' id='word_1_327' title='bbox 3013 2147 3064 2194; x_wconf 87' lang='lat' dir='ltr'><strong>et</strong></span> <span class='ocrx_word' id='word_1_328' title='bbox 3101 2139 3238 2192; x_wconf 86' lang='lat' dir='ltr'><strong>inter</strong></span> <span class='ocrx_word' id='word_1_329' title='bbox 3269 2143 3489 2190; x_wconf 85' lang='lat' dir='ltr'><strong>sanctos</strong></span> <span class='ocrx_word' id='word_1_330' title='bbox 3523 2148 3644 2186; x_wconf 79' lang='lat' dir='ltr'><strong>sors</strong></span> <span class='ocrx_word' id='word_1_331' title='bbox 3676 2129 3752 2184; x_wconf 81' lang='lat' dir='ltr'><strong>il-</strong></span> 
     </span>
    </p>
   </div>
   <div class='ocr_carea' id='block_1_40' title="bbox 450 2224 2050 2300">
    <p class='ocr_par' dir='ltr' id='par_1_40' title="bbox 450 2224 2050 2300">
     <span class='ocr_line' id='line_1_40' title="bbox 450 2224 2050 2300; baseline 0.003 -24"><span class='ocrx_word' id='word_1_332' title='bbox 450 2239 614 2278; x_wconf 87' lang='lat' dir='ltr'><strong>unum</strong></span> <span class='ocrx_word' id='word_1_333' title='bbox 631 2224 893 2298; x_wconf 80' lang='lat' dir='ltr'><strong>?(Epltes.</strong></span> <span class='ocrx_word' id='word_1_334' title='bbox 924 2228 1011 2300; x_wconf 80' lang='grc' dir='ltr'><strong>η.)</strong></span> <span class='ocrx_word' id='word_1_335' title='bbox 1038 2225 1182 2295; x_wconf 84' lang='lat' dir='ltr'><strong>Quid</strong></span> <span class='ocrx_word' id='word_1_336' title='bbox 1209 2243 1342 2299; x_wconf 84' lang='lat' dir='ltr'><strong>ergo</strong></span> <span class='ocrx_word' id='word_1_337' title='bbox 1373 2227 1450 2282; x_wconf 87' lang='lat' dir='ltr'><strong>ait</strong></span> <span class='ocrx_word' id='word_1_338' title='bbox 1478 2245 1490 2282; x_wconf 92' lang='lat'><strong>:</strong></span> <span class='ocrx_word' id='word_1_339' title='bbox 1519 2226 1644 2280; x_wconf 83' lang='lat' dir='ltr'><strong>Paa:</strong></span> <span class='ocrx_word' id='word_1_340' title='bbox 1670 2236 1874 2292; x_wconf 82' lang='lat' dir='ltr'><strong>nostra,</strong></span> <span class='ocrx_word' id='word_1_341' title='bbox 1901 2241 2050 2280; x_wconf 86' lang='lat' dir='ltr'><strong>com-</strong></span> 
     </span>
    </p>
   </div>
   <div class='ocr_carea' id='block_1_41' title="bbox 447 2305 2046 2392">
    <p class='ocr_par' dir='ltr' id='par_1_41' title="bbox 447 2305 2046 2392">
     <span class='ocr_line' id='line_1_41' title="bbox 447 2305 2046 2392; baseline 0 -21"><span class='ocrx_word' id='word_1_342' title='bbox 447 2317 717 2375; x_wconf 78' lang='lat' dir='ltr'><strong>mendans</strong></span> <span class='ocrx_word' id='word_1_343' title='bbox 742 2319 970 2389; x_wconf 83' lang='lat' dir='ltr'><strong>pacem?</strong></span> <span class='ocrx_word' id='word_1_344' title='bbox 999 2319 1204 2388; x_wconf 85' lang='lat' dir='ltr'><strong>Nolite,</strong></span> <span class='ocrx_word' id='word_1_345' title='bbox 1231 2321 1446 2392; x_wconf 76' lang='lat' dir='ltr'><strong>inquit,</strong></span> <span class='ocrx_word' id='word_1_346' title='bbox 1476 2305 1736 2374; x_wconf 79' lang='lat' dir='ltr'><strong>arbitrari</strong></span> <span class='ocrx_word' id='word_1_347' title='bbox 1761 2320 1888 2391; x_wconf 75' lang='lat' dir='ltr'><strong>quia</strong></span> <span class='ocrx_word' id='word_1_348' title='bbox 1929 2317 2046 2373; x_wconf 80' lang='lat' dir='ltr'><strong>veni</strong></span> 
     </span>
    </p>
   </div>
   <div class='ocr_carea' id='block_1_42' title="bbox 451 2410 2046 2482">
    <p class='ocr_par' dir='ltr' id='par_1_42' title="bbox 451 2410 2046 2482">
     <span class='ocr_line' id='line_1_42' title="bbox 451 2410 2046 2482; baseline 0.003 -20"><span class='ocrx_word' id='word_1_349' title='bbox 451 2410 660 2464; x_wconf 81' lang='lat' dir='ltr'><strong>mittere</strong></span> <span class='ocrx_word' id='word_1_350' title='bbox 677 2427 859 2480; x_wconf 82' lang='lat' dir='ltr'><strong>pacem</strong></span> <span class='ocrx_word' id='word_1_351' title='bbox 885 2413 941 2466; x_wconf 83' lang='lat' dir='ltr'><strong>in</strong></span> <span class='ocrx_word' id='word_1_352' title='bbox 965 2421 1186 2480; x_wconf 86' lang='lat' dir='ltr'><strong>terram;</strong></span> <span class='ocrx_word' id='word_1_353' title='bbox 1219 2429 1322 2468; x_wconf 87' lang='lat' dir='ltr'><strong>non</strong></span> <span class='ocrx_word' id='word_1_354' title='bbox 1349 2413 1464 2468; x_wconf 81' lang='lat' dir='ltr'><strong>veni</strong></span> <span class='ocrx_word' id='word_1_355' title='bbox 1489 2427 1671 2482; x_wconf 82' lang='lat' dir='ltr'><strong>pacem</strong></span> <span class='ocrx_word' id='word_1_356' title='bbox 1701 2415 1926 2476; x_wconf 79' lang='lat' dir='ltr'><strong>mittere,</strong></span> <span class='ocrx_word' id='word_1_357' title='bbox 1955 2412 2046 2466; x_wconf 84' lang='lat' dir='ltr'><strong>sed</strong></span> 
     </span>
    </p>
   </div>
   <div class='ocr_carea' id='block_1_43' title="bbox 452 2497 2048 2573">
    <p class='ocr_par' dir='ltr' id='par_1_43' title="bbox 452 2497 2048 2573">
     <span class='ocr_line' id='line_1_43' title="bbox 452 2497 2048 2573; baseline 0.001 -22"><span class='ocrx_word' id='word_1_358' title='bbox 452 2497 693 2570; x_wconf 74' lang='lat' dir='ltr'><strong>gladium</strong></span> <span class='ocrx_word' id='word_1_359' title='bbox 724 2499 944 2572; x_wconf 79' lang='lat' dir='ltr'><strong>(Matth.</strong></span> <span class='ocrx_word' id='word_1_360' title='bbox 984 2505 1063 2573; x_wconf 68' lang='grc' dir='ltr'><strong>χ).</strong></span> <span class='ocrx_word' id='word_1_361' title='bbox 1102 2502 1246 2570; x_wconf 87' lang='lat' dir='ltr'><strong>Quid</strong></span> <span class='ocrx_word' id='word_1_362' title='bbox 1274 2511 1362 2558; x_wconf 87' lang='lat' dir='ltr'><strong>est</strong></span> <span class='ocrx_word' id='word_1_363' title='bbox 1391 2501 1530 2557; x_wconf 86' lang='lat' dir='ltr'><strong>hoc?</strong></span> <span class='ocrx_word' id='word_1_364' title='bbox 1559 2500 1744 2566; x_wconf 86' lang='lat' dir='ltr'><strong>Quare</strong></span> <span class='ocrx_word' id='word_1_365' title='bbox 1777 2515 1903 2570; x_wconf 79' lang='lat' dir='ltr'><strong>pax,</strong></span> <span class='ocrx_word' id='word_1_366' title='bbox 1934 2499 2048 2570; x_wconf 76' lang='lat' dir='ltr'><strong>gla-</strong></span> 
     </span>
    </p>
   </div>
   <div class='ocr_carea' id='block_1_44' title="bbox 451 2591 2050 2664">
    <p class='ocr_par' dir='ltr' id='par_1_44' title="bbox 451 2591 2050 2664">
     <span class='ocr_line' id='line_1_44' title="bbox 451 2591 2050 2664; baseline 0.001 -17"><span class='ocrx_word' id='word_1_367' title='bbox 451 2591 639 2647; x_wconf 83' lang='lat' dir='ltr'><strong>dium?</strong></span> <span class='ocrx_word' id='word_1_368' title='bbox 663 2591 844 2659; x_wconf 85' lang='lat' dir='ltr'><strong>Quare</strong></span> <span class='ocrx_word' id='word_1_369' title='bbox 885 2609 988 2664; x_wconf 76' lang='lat' dir='ltr'><strong>pax</strong></span> <span class='ocrx_word' id='word_1_370' title='bbox 1035 2597 1235 2652; x_wconf 88' lang='lat' dir='ltr'><strong>bellum</strong></span> <span class='ocrx_word' id='word_1_371' title='bbox 1269 2595 1492 2651; x_wconf 87' lang='lat' dir='ltr'><strong>indicit?</strong></span> <span class='ocrx_word' id='word_1_372' title='bbox 1521 2593 1792 2649; x_wconf 83' lang='lat' dir='ltr'><strong>Nimirum</strong></span> <span class='ocrx_word' id='word_1_373' title='bbox 1817 2636 1833 2660; x_wconf 94' lang='lat'><strong>,</strong></span> <span class='ocrx_word' id='word_1_374' title='bbox 1872 2603 1930 2648; x_wconf 90' lang='lat' dir='ltr'><strong>ut</strong></span> <span class='ocrx_word' id='word_1_375' title='bbox 1953 2594 2050 2649; x_wconf 89' lang='lat' dir='ltr'><strong>de-</strong></span> 
     </span>
    </p>
   </div>
   <div class='ocr_carea' id='block_1_45' title="bbox 453 2687 2049 2758">
    <p class='ocr_par' dir='ltr' id='par_1_45' title="bbox 453 2687 2049 2758">
     <span class='ocr_line' id='line_1_45' title="bbox 453 2687 2049 2758; baseline 0.001 -17"><span class='ocrx_word' id='word_1_376' title='bbox 453 2693 699 2743; x_wconf 81' lang='lat' dir='ltr'><strong>struatur</strong></span> <span class='ocrx_word' id='word_1_377' title='bbox 731 2703 839 2757; x_wconf 77' lang='lat' dir='ltr'><strong>pax</strong></span> <span class='ocrx_word' id='word_1_378' title='bbox 874 2689 1100 2744; x_wconf 86' lang='lat' dir='ltr'><strong>diaboli.</strong></span> <span class='ocrx_word' id='word_1_379' title='bbox 1150 2688 1327 2745; x_wconf 81' lang='lat' dir='ltr'><strong>liabet</strong></span> <span class='ocrx_word' id='word_1_380' title='bbox 1367 2689 1516 2744; x_wconf 86' lang='lat' dir='ltr'><strong>enim</strong></span> <span class='ocrx_word' id='word_1_381' title='bbox 1559 2687 1813 2743; x_wconf 82' lang='lat' dir='ltr'><strong>diabolus</strong></span> <span class='ocrx_word' id='word_1_382' title='bbox 1859 2701 2049 2758; x_wconf 89' lang='lat' dir='ltr'><strong>pacem</strong></span> 
     </span>
    </p>
   </div>
   <div class='ocr_carea' id='block_1_46' title="bbox 454 2779 2050 2852">
    <p class='ocr_par' dir='ltr' id='par_1_46' title="bbox 454 2779 2050 2852">
     <span class='ocr_line' id='line_1_46' title="bbox 454 2779 2050 2852; baseline 0.001 -20"><span class='ocrx_word' id='word_1_383' title='bbox 454 2793 634 2845; x_wconf 85' lang='lat' dir='ltr'><strong>suam,</strong></span> <span class='ocrx_word' id='word_1_384' title='bbox 681 2779 750 2836; x_wconf 89' lang='lat' dir='ltr'><strong>de</strong></span> <span class='ocrx_word' id='word_1_385' title='bbox 795 2796 904 2851; x_wconf 89' lang='lat' dir='ltr'><strong>qua</strong></span> <span class='ocrx_word' id='word_1_386' title='bbox 937 2781 1206 2838; x_wconf 83' lang='lat' dir='ltr'><strong>Dominus</strong></span> <span class='ocrx_word' id='word_1_387' title='bbox 1229 2783 1364 2840; x_wconf 89' lang='lat' dir='ltr'><strong>dicit</strong></span> <span class='ocrx_word' id='word_1_388' title='bbox 1397 2801 1410 2836; x_wconf 93' lang='lat'><strong>:</strong></span> <span class='ocrx_word' id='word_1_389' title='bbox 1458 2779 1594 2838; x_wconf 89' lang='lat' dir='ltr'><strong>Cum</strong></span> <span class='ocrx_word' id='word_1_390' title='bbox 1624 2779 1780 2852; x_wconf 70' lang='lat' dir='ltr'><strong>[ortis</strong></span> <span class='ocrx_word' id='word_1_391' title='bbox 1811 2787 2050 2834; x_wconf 85' lang='lat' dir='ltr'><strong>armatus</strong></span> 
     </span>
    </p>
   </div>
   <div class='ocr_carea' id='block_1_47' title="bbox 455 2873 2052 2947">
    <p class='ocr_par' dir='ltr' id='par_1_47' title="bbox 455 2873 2052 2947">
     <span class='ocr_line' id='line_1_47' title="bbox 455 2873 2052 2947; baseline 0.001 -21"><span class='ocrx_word' id='word_1_392' title='bbox 455 2873 686 2928; x_wconf 73' lang='lat' dir='ltr'><strong>custodit</strong></span> <span class='ocrx_word' id='word_1_393' title='bbox 731 2875 932 2929; x_wconf 85' lang='lat' dir='ltr'><strong>atrium</strong></span> <span class='ocrx_word' id='word_1_394' title='bbox 957 2892 1133 2942; x_wconf 87' lang='lat' dir='ltr'><strong>suum,</strong></span> <span class='ocrx_word' id='word_1_395' title='bbox 1177 2877 1234 2930; x_wconf 85' lang='lat' dir='ltr'><strong>in</strong></span> <span class='ocrx_word' id='word_1_396' title='bbox 1273 2892 1402 2947; x_wconf 83' lang='lat' dir='ltr'><strong>pace</strong></span> <span class='ocrx_word' id='word_1_397' title='bbox 1427 2884 1548 2930; x_wconf 80' lang='lat' dir='ltr'><strong>sunt</strong></span> <span class='ocrx_word' id='word_1_398' title='bbox 1588 2891 1651 2930; x_wconf 89' lang='lat' dir='ltr'><strong>ea</strong></span> <span class='ocrx_word' id='word_1_399' title='bbox 1675 2890 1793 2945; x_wconf 65' lang='lat' dir='ltr'><strong>quae</strong></span> <span class='ocrx_word' id='word_1_400' title='bbox 1820 2874 2052 2944; x_wconf 82' lang='lat' dir='ltr'><strong>possidet</strong></span> 
     </span>
    </p>
   </div>
   <div class='ocr_carea' id='block_1_48' title="bbox 457 2963 2053 3039">
    <p class='ocr_par' dir='ltr' id='par_1_48' title="bbox 457 2963 2053 3039">
     <span class='ocr_line' id='line_1_48' title="bbox 457 2963 2053 3039; baseline 0.002 -22"><span class='ocrx_word' id='word_1_401' title='bbox 457 2963 610 3031; x_wconf 80' lang='lat' dir='ltr'><strong>(Luc.</strong></span> <span class='ocrx_word' id='word_1_402' title='bbox 641 2965 741 3038; x_wconf 70' lang='lat' dir='ltr'><strong>si).</strong></span> <span class='ocrx_word' id='word_1_403' title='bbox 787 2965 832 3021; x_wconf 91' lang='grc' dir='ltr'>Ο</span> <span class='ocrx_word' id='word_1_404' title='bbox 857 2983 1045 3037; x_wconf 75' lang='lat' dir='ltr'><strong>quam</strong></span> <span class='ocrx_word' id='word_1_405' title='bbox 1092 2977 1341 3038; x_wconf 87' lang='lat' dir='ltr'><strong>potenter</strong></span> <span class='ocrx_word' id='word_1_406' title='bbox 1369 2982 1464 3039; x_wconf 89' lang='lat' dir='ltr'><strong>per</strong></span> <span class='ocrx_word' id='word_1_407' title='bbox 1487 2981 1586 3022; x_wconf 77' lang='lat' dir='ltr'><strong>vos</strong></span> <span class='ocrx_word' id='word_1_408' title='bbox 1621 2967 1882 3022; x_wconf 86' lang='lat' dir='ltr'><strong>satellites</strong></span> <span class='ocrx_word' id='word_1_409' title='bbox 1903 2977 2053 3022; x_wconf 89' lang='lat' dir='ltr'><strong>.suos</strong></span> 
     </span>
    </p>
   </div>
   <div class='ocr_carea' id='block_1_49' title="bbox 457 3057 2051 3131">
    <p class='ocr_par' dir='ltr' id='par_1_49' title="bbox 457 3057 2051 3131">
     <span class='ocr_line' id='line_1_49' title="bbox 457 3057 2051 3131; baseline 0 -19"><span class='ocrx_word' id='word_1_410' title='bbox 457 3057 656 3113; x_wconf 86' lang='lat' dir='ltr'><strong>atrium</strong></span> <span class='ocrx_word' id='word_1_411' title='bbox 703 3073 867 3114; x_wconf 87' lang='lat' dir='ltr'><strong>suum</strong></span> <span class='ocrx_word' id='word_1_412' title='bbox 901 3060 1005 3116; x_wconf 87' lang='lat' dir='ltr'><strong>hoc</strong></span> <span class='ocrx_word' id='word_1_413' title='bbox 1045 3070 1291 3131; x_wconf 89' lang='lat' dir='ltr'><strong>tempore</strong></span> <span class='ocrx_word' id='word_1_414' title='bbox 1325 3060 1578 3116; x_wconf 86' lang='lat' dir='ltr'><strong>diabolus</strong></span> <span class='ocrx_word' id='word_1_415' title='bbox 1624 3059 1886 3124; x_wconf 83' lang='lat' dir='ltr'><strong>custodit,</strong></span> <span class='ocrx_word' id='word_1_416' title='bbox 1934 3057 2051 3130; x_wconf 89' lang='lat' dir='ltr'><strong>qui,</strong></span> 
     </span>
    </p>
   </div>
   <div class='ocr_carea' id='block_1_50' title="bbox 455 3149 2053 3226">
    <p class='ocr_par' dir='ltr' id='par_1_50' title="bbox 455 3149 2053 3226">
     <span class='ocr_line' id='line_1_50' title="bbox 455 3149 2053 3226; baseline 0.001 -18"><span class='ocrx_word' id='word_1_417' title='bbox 455 3162 614 3208; x_wconf 87' lang='lat' dir='ltr'><strong>scuto</strong></span> <span class='ocrx_word' id='word_1_418' title='bbox 640 3149 898 3210; x_wconf 80' lang='lat' dir='ltr'><strong>falsitatis</strong></span> <span class='ocrx_word' id='word_1_419' title='bbox 916 3163 973 3211; x_wconf 90' lang='lat' dir='ltr'><strong>et</strong></span> <span class='ocrx_word' id='word_1_420' title='bbox 995 3155 1148 3226; x_wconf 80' lang='lat' dir='ltr'><strong>galea</strong></span> <span class='ocrx_word' id='word_1_421' title='bbox 1173 3155 1416 3226; x_wconf 67' lang='lat' dir='ltr'><strong>perﬁdia:</strong></span> <span class='ocrx_word' id='word_1_422' title='bbox 1449 3153 1700 3226; x_wconf 86' lang='lat' dir='ltr'><strong>protecti,</strong></span> <span class='ocrx_word' id='word_1_423' title='bbox 1729 3154 1877 3208; x_wconf 86' lang='lat' dir='ltr'><strong>nulla</strong></span> <span class='ocrx_word' id='word_1_424' title='bbox 1905 3155 2053 3209; x_wconf 84' lang='lat' dir='ltr'><strong>veri-</strong></span> 
     </span>
    </p>
   </div>
   <div class='ocr_carea' id='block_1_51' title="bbox 2147 2224 3750 2306">
    <p class='ocr_par' dir='ltr' id='par_1_51' title="bbox 2147 2224 3750 2306">
     <span class='ocr_line' id='line_1_51' title="bbox 2147 2224 3750 2306; baseline -0.008 -16"><span class='ocrx_word' id='word_1_425' title='bbox 2147 2235 2320 2290; x_wconf 86' lang='lat' dir='ltr'><strong>Iorum</strong></span> <span class='ocrx_word' id='word_1_426' title='bbox 2339 2245 2437 2290; x_wconf 87' lang='lat' dir='ltr'><strong>est.</strong></span> <span class='ocrx_word' id='word_1_427' title='bbox 2465 2233 2607 2306; x_wconf 78' lang='lat' dir='ltr'><strong>Ergo</strong></span> <span class='ocrx_word' id='word_1_428' title='bbox 2629 2236 2924 2289; x_wconf 72' lang='lat' dir='ltr'><strong>erravimus</strong></span> <span class='ocrx_word' id='word_1_429' title='bbox 2949 2251 2981 2287; x_wconf 89' lang='lat' dir='ltr'><strong>a</strong></span> <span class='ocrx_word' id='word_1_430' title='bbox 3008 2233 3092 2288; x_wconf 80' lang='lat' dir='ltr'><strong>ria</strong></span> <span class='ocrx_word' id='word_1_431' title='bbox 3117 2229 3383 2295; x_wconf 76' lang='lat' dir='ltr'><strong>veritatis,</strong></span> <span class='ocrx_word' id='word_1_432' title='bbox 3400 2235 3452 2282; x_wconf 84' lang='lat' dir='ltr'><strong>et</strong></span> <span class='ocrx_word' id='word_1_433' title='bbox 3473 2225 3556 2280; x_wconf 83' lang='lat' dir='ltr'><strong>sol</strong></span> <span class='ocrx_word' id='word_1_434' title='bbox 3576 2224 3750 2295; x_wconf 81' lang='lat' dir='ltr'><strong>justi-</strong></span> 
     </span>
    </p>
   </div>
   <div class='ocr_carea' id='block_1_52' title="bbox 2149 2315 3752 2394">
    <p class='ocr_par' dir='ltr' id='par_1_52' title="bbox 2149 2315 3752 2394">
     <span class='ocr_line' id='line_1_52' title="bbox 2149 2315 3752 2394; baseline -0.008 -14"><span class='ocrx_word' id='word_1_435' title='bbox 2149 2327 2240 2382; x_wconf 75' lang='lat' dir='ltr'><strong>tia:</strong></span> <span class='ocrx_word' id='word_1_436' title='bbox 2269 2343 2370 2382; x_wconf 87' lang='lat' dir='ltr'><strong>non</strong></span> <span class='ocrx_word' id='word_1_437' title='bbox 2398 2326 2540 2380; x_wconf 71' lang='lat' dir='ltr'><strong>luxit</strong></span> <span class='ocrx_word' id='word_1_438' title='bbox 2567 2327 2736 2382; x_wconf 79' lang='lat' dir='ltr'><strong>nobis.</strong></span> <span class='ocrx_word' id='word_1_439' title='bbox 2773 2323 2916 2392; x_wconf 82' lang='lat' dir='ltr'><strong>Quid</strong></span> <span class='ocrx_word' id='word_1_440' title='bbox 2951 2324 3099 2378; x_wconf 83' lang='lat' dir='ltr'><strong>nobis</strong></span> <span class='ocrx_word' id='word_1_441' title='bbox 3127 2321 3329 2394; x_wconf 81' lang='lat' dir='ltr'><strong>profuit</strong></span> <span class='ocrx_word' id='word_1_442' title='bbox 3371 2315 3674 2389; x_wconf 73' lang='lat' dir='ltr'><strong>superbia?</strong></span> <span class='ocrx_word' id='word_1_443' title='bbox 3699 2323 3752 2369; x_wconf 84' lang='lat' dir='ltr'><strong>et</strong></span> 
     </span>
    </p>
   </div>
   <div class='ocr_carea' id='block_1_53' title="bbox 2148 2410 3753 2490">
    <p class='ocr_par' dir='ltr' id='par_1_53' title="bbox 2148 2410 3753 2490">
     <span class='ocr_line' id='line_1_53' title="bbox 2148 2410 3753 2490; baseline -0.008 -19"><span class='ocrx_word' id='word_1_444' title='bbox 2148 2418 2456 2474; x_wconf 78' lang='lat' dir='ltr'><strong>divitiarum</strong></span> <span class='ocrx_word' id='word_1_445' title='bbox 2470 2418 2745 2489; x_wconf 86' lang='lat' dir='ltr'><strong>jactautia</strong></span> <span class='ocrx_word' id='word_1_446' title='bbox 2779 2417 2908 2490; x_wconf 82' lang='lat' dir='ltr'><strong>quid</strong></span> <span class='ocrx_word' id='word_1_447' title='bbox 2939 2414 3163 2471; x_wconf 87' lang='lat' dir='ltr'><strong>contulit</strong></span> <span class='ocrx_word' id='word_1_448' title='bbox 3195 2413 3344 2468; x_wconf 84' lang='lat' dir='ltr'><strong>nobis</strong></span> <span class='ocrx_word' id='word_1_449' title='bbox 3364 2411 3392 2467; x_wconf 82' lang='lat'><strong>.’</strong></span> <span class='ocrx_word' id='word_1_450' title='bbox 3419 2410 3753 2464; x_wconf 81' lang='lat' dir='ltr'><strong>transierunt</strong></span> 
     </span>
    </p>
   </div>
   <div class='ocr_carea' id='block_1_54' title="bbox 2149 2501 3752 2581">
    <p class='ocr_par' dir='ltr' id='par_1_54' title="bbox 2149 2501 3752 2581">
     <span class='ocr_line' id='line_1_54' title="bbox 2149 2501 3752 2581; baseline -0.006 -16"><span class='ocrx_word' id='word_1_451' title='bbox 2149 2512 2329 2566; x_wconf 87' lang='lat' dir='ltr'><strong>omnia</strong></span> <span class='ocrx_word' id='word_1_452' title='bbox 2366 2511 2505 2566; x_wconf 79' lang='lat' dir='ltr'><strong>velut</strong></span> <span class='ocrx_word' id='word_1_453' title='bbox 2543 2511 2731 2565; x_wconf 76' lang='lat' dir='ltr'><strong>umbra</strong></span> <span class='ocrx_word' id='word_1_454' title='bbox 2757 2509 2911 2580; x_wconf 86' lang='lat' dir='ltr'><strong>(Sap.</strong></span> <span class='ocrx_word' id='word_1_455' title='bbox 2941 2512 3018 2581; x_wconf 66' lang='grc' dir='ltr'><strong>ν).</strong></span> <span class='ocrx_word' id='word_1_456' title='bbox 3043 2508 3176 2576; x_wconf 63' lang='lat' dir='ltr'><strong>Quae</strong></span> <span class='ocrx_word' id='word_1_457' title='bbox 3199 2522 3300 2563; x_wconf 90' lang='lat' dir='ltr'><strong>nos</strong></span> <span class='ocrx_word' id='word_1_458' title='bbox 3326 2505 3496 2561; x_wconf 78' lang='lat' dir='ltr'><strong>verba</strong></span> <span class='ocrx_word' id='word_1_459' title='bbox 3539 2501 3598 2559; x_wconf 89' lang='lat' dir='ltr'><strong>in</strong></span> <span class='ocrx_word' id='word_1_460' title='bbox 3637 2517 3752 2557; x_wconf 82' lang='lat' dir='ltr'><strong>nte-</strong></span> 
     </span>
    </p>
   </div>
   <div class='ocr_carea' id='block_1_55' title="bbox 2150 2593 3752 2666">
    <p class='ocr_par' dir='ltr' id='par_1_55' title="bbox 2150 2593 3752 2666">
     <span class='ocr_line' id='line_1_55' title="bbox 2150 2593 3752 2666; baseline -0.006 -10"><span class='ocrx_word' id='word_1_461' title='bbox 2150 2603 2325 2657; x_wconf 88' lang='lat' dir='ltr'><strong>moria</strong></span> <span class='ocrx_word' id='word_1_462' title='bbox 2348 2602 2698 2658; x_wconf 84' lang='lat' dir='ltr'><strong>adamantina</strong></span> <span class='ocrx_word' id='word_1_463' title='bbox 2727 2601 3052 2666; x_wconf 81' lang='lat' dir='ltr'><strong>scribentes,</strong></span> <span class='ocrx_word' id='word_1_464' title='bbox 3080 2613 3299 2653; x_wconf 89' lang='lat' dir='ltr'><strong>omnem</strong></span> <span class='ocrx_word' id='word_1_465' title='bbox 3329 2593 3752 2654; x_wconf 85' lang='lat' dir='ltr'><strong>similitudinem</strong></span> 
     </span>
    </p>
   </div>
   <div class='ocr_carea' id='block_1_56' title="bbox 2151 2688 3755 2754">
    <p class='ocr_par' dir='ltr' id='par_1_56' title="bbox 2151 2688 3755 2754">
     <span class='ocr_line' id='line_1_56' title="bbox 2151 2688 3755 2754; baseline -0.006 -5"><span class='ocrx_word' id='word_1_466' title='bbox 2151 2695 2499 2750; x_wconf 78' lang='lat' dir='ltr'><strong>extollentem</strong></span> <span class='ocrx_word' id='word_1_467' title='bbox 2523 2710 2580 2750; x_wconf 88' lang='lat' dir='ltr'><strong>se</strong></span> <span class='ocrx_word' id='word_1_468' title='bbox 2603 2695 2867 2749; x_wconf 80' lang='lat' dir='ltr'><strong>adversus</strong></span> <span class='ocrx_word' id='word_1_469' title='bbox 2893 2693 3173 2748; x_wconf 83' lang='lat' dir='ltr'><strong>veritatem</strong></span> <span class='ocrx_word' id='word_1_470' title='bbox 3199 2690 3294 2746; x_wconf 88' lang='lat' dir='ltr'><strong>Dei</strong></span> <span class='ocrx_word' id='word_1_471' title='bbox 3318 2688 3755 2754; x_wconf 81' lang='lat' dir='ltr'><strong>contemnimus;</strong></span> 
     </span>
    </p>
   </div>
   <div class='ocr_carea' id='block_1_57' title="bbox 2151 2779 3754 2858">
    <p class='ocr_par' dir='ltr' id='par_1_57' title="bbox 2151 2779 3754 2858">
     <span class='ocr_line' id='line_1_57' title="bbox 2151 2779 3754 2858; baseline -0.006 -16"><span class='ocrx_word' id='word_1_472' title='bbox 2151 2797 2207 2842; x_wconf 86' lang='lat' dir='ltr'><strong>et</strong></span> <span class='ocrx_word' id='word_1_473' title='bbox 2229 2785 2524 2858; x_wconf 79' lang='lat' dir='ltr'><strong>gloriantes</strong></span> <span class='ocrx_word' id='word_1_474' title='bbox 2549 2787 2604 2842; x_wconf 91' lang='lat' dir='ltr'><strong>in</strong></span> <span class='ocrx_word' id='word_1_475' title='bbox 2627 2787 3094 2854; x_wconf 84' lang='lat' dir='ltr'><strong>tribulationibus,</strong></span> <span class='ocrx_word' id='word_1_476' title='bbox 3116 2785 3465 2849; x_wconf 87' lang='lat' dir='ltr'><strong>calumniari,</strong></span> <span class='ocrx_word' id='word_1_477' title='bbox 3480 2779 3754 2854; x_wconf 72' lang='lat' dir='ltr'><strong>proscribi</strong></span> 
     </span>
    </p>
   </div>
   <div class='ocr_carea' id='block_1_58' title="bbox 2153 2873 3756 2952">
    <p class='ocr_par' dir='ltr' id='par_1_58' title="bbox 2153 2873 3756 2952">
     <span class='ocr_line' id='line_1_58' title="bbox 2153 2873 3756 2952; baseline -0.006 -16"><span class='ocrx_word' id='word_1_478' title='bbox 2153 2888 2208 2936; x_wconf 86' lang='lat' dir='ltr'><strong>et</strong></span> <span class='ocrx_word' id='word_1_479' title='bbox 2232 2879 2584 2936; x_wconf 75' lang='lat' dir='ltr'><strong>exterminari</strong></span> <span class='ocrx_word' id='word_1_480' title='bbox 2613 2922 2627 2948; x_wconf 94' lang='lat'><strong>,</strong></span> <span class='ocrx_word' id='word_1_481' title='bbox 2659 2881 2894 2952; x_wconf 88' lang='lat' dir='ltr'><strong>denique</strong></span> <span class='ocrx_word' id='word_1_482' title='bbox 2920 2879 3095 2936; x_wconf 86' lang='lat' dir='ltr'><strong>occidi</strong></span> <span class='ocrx_word' id='word_1_483' title='bbox 3121 2894 3420 2950; x_wconf 88' lang='lat' dir='ltr'><strong>possumus</strong></span> <span class='ocrx_word' id='word_1_484' title='bbox 3447 2895 3462 2944; x_wconf 89' lang='lat'><strong>;</strong></span> <span class='ocrx_word' id='word_1_485' title='bbox 3495 2875 3644 2931; x_wconf 76' lang='lat' dir='ltr'><strong>[lecti</strong></span> <span class='ocrx_word' id='word_1_486' title='bbox 3673 2873 3756 2927; x_wconf 68' lang='lat' dir='ltr'><strong>vel</strong></span> 
     </span>
    </p>
   </div>
   <div class='ocr_carea' id='block_1_59' title="bbox 2153 2966 3751 3046">
    <p class='ocr_par' dir='ltr' id='par_1_59' title="bbox 2153 2966 3751 3046">
     <span class='ocr_line' id='line_1_59' title="bbox 2153 2966 3751 3046; baseline -0.006 -16"><span class='ocrx_word' id='word_1_487' title='bbox 2153 2975 2298 3030; x_wconf 84' lang='lat' dir='ltr'><strong>vinci</strong></span> <span class='ocrx_word' id='word_1_488' title='bbox 2329 2991 2435 3030; x_wconf 93' lang='lat' dir='ltr'><strong>non</strong></span> <span class='ocrx_word' id='word_1_489' title='bbox 2461 2989 2778 3045; x_wconf 88' lang='lat' dir='ltr'><strong>possumus.</strong></span> <span class='ocrx_word' id='word_1_490' title='bbox 2814 2973 2882 3030; x_wconf 83' lang='lat' dir='ltr'><strong>Et</strong></span> <span class='ocrx_word' id='word_1_491' title='bbox 2915 2990 3040 3030; x_wconf 90' lang='lat' dir='ltr'><strong>cum</strong></span> <span class='ocrx_word' id='word_1_492' title='bbox 3079 2987 3278 3046; x_wconf 81' lang='lat' dir='ltr'><strong>magno</strong></span> <span class='ocrx_word' id='word_1_493' title='bbox 3312 2969 3564 3040; x_wconf 86' lang='lat' dir='ltr'><strong>tripudio</strong></span> <span class='ocrx_word' id='word_1_494' title='bbox 3595 2966 3751 3029; x_wconf 84' lang='lat' dir='ltr'><strong>illud,</strong></span> 
     </span>
    </p>
   </div>
   <div class='ocr_carea' id='block_1_60' title="bbox 2157 3062 3754 3140">
    <p class='ocr_par' dir='ltr' id='par_1_60' title="bbox 2157 3062 3754 3140">
     <span class='ocr_line' id='line_1_60' title="bbox 2157 3062 3754 3140; baseline -0.006 -18"><span class='ocrx_word' id='word_1_495' title='bbox 2157 3068 2303 3140; x_wconf 87' lang='lat' dir='ltr'><strong>quod</strong></span> <span class='ocrx_word' id='word_1_496' title='bbox 2353 3076 2410 3122; x_wconf 90' lang='lat' dir='ltr'><strong>tu</strong></span> <span class='ocrx_word' id='word_1_497' title='bbox 2458 3083 2593 3138; x_wconf 88' lang='lat' dir='ltr'><strong>puer</strong></span> <span class='ocrx_word' id='word_1_498' title='bbox 2637 3067 2996 3133; x_wconf 87' lang='lat' dir='ltr'><strong>adolescens,</strong></span> <span class='ocrx_word' id='word_1_499' title='bbox 3045 3063 3264 3136; x_wconf 79' lang='lat' dir='ltr'><strong>juvenis</strong></span> <span class='ocrx_word' id='word_1_500' title='bbox 3322 3062 3712 3132; x_wconf 80' lang='lat' dir='ltr'><strong>frequentatus</strong></span> <span class='ocrx_word' id='word_1_501' title='bbox 3739 3100 3754 3122; x_wconf 89' lang='lat'><strong><em>.</em></strong></span> 
     </span>
    </p>
   </div>
   <div class='ocr_carea' id='block_1_61' title="bbox 2160 3152 3760 3230">
    <p class='ocr_par' dir='ltr' id='par_1_61' title="bbox 2160 3152 3760 3230">
     <span class='ocr_line' id='line_1_61' title="bbox 2160 3152 3760 3230; baseline -0.007 -14"><span class='ocrx_word' id='word_1_502' title='bbox 2160 3161 2403 3216; x_wconf 81' lang='lat' dir='ltr'><strong>nomium</strong></span> <span class='ocrx_word' id='word_1_503' title='bbox 2449 3159 2614 3216; x_wconf 87' lang='lat' dir='ltr'><strong>corde</strong></span> <span class='ocrx_word' id='word_1_504' title='bbox 2661 3175 2828 3216; x_wconf 78' lang='lat' dir='ltr'><strong>senex</strong></span> <span class='ocrx_word' id='word_1_505' title='bbox 2875 3155 3172 3230; x_wconf 88' lang='lat' dir='ltr'><strong>concepisti</strong></span> <span class='ocrx_word' id='word_1_506' title='bbox 3199 3198 3214 3224; x_wconf 88' lang='lat'><strong>,</strong></span> <span class='ocrx_word' id='word_1_507' title='bbox 3261 3155 3329 3210; x_wconf 89' lang='lat' dir='ltr'><strong>de</strong></span> <span class='ocrx_word' id='word_1_508' title='bbox 3372 3152 3633 3226; x_wconf 87' lang='lat' dir='ltr'><strong>patribus</strong></span> <span class='ocrx_word' id='word_1_509' title='bbox 3661 3165 3760 3206; x_wconf 86' lang='lat' dir='ltr'><strong>no-</strong></span> 
     </span>
    </p>
   </div>
   <div class='ocr_carea' id='block_1_62' title="bbox 460 3243 3758 3323">
    <p class='ocr_par' dir='ltr' id='par_1_62' title="bbox 460 3243 3758 3323">
     <span class='ocr_line' id='line_1_62' title="bbox 460 3243 3758 3323; baseline -0.002 -22"><span class='ocrx_word' id='word_1_510' title='bbox 460 3247 590 3302; x_wconf 88' lang='lat' dir='ltr'><strong>tatis</strong></span> <span class='ocrx_word' id='word_1_511' title='bbox 609 3247 815 3317; x_wconf 87' lang='lat' dir='ltr'><strong>jacttla,</strong></span> <span class='ocrx_word' id='word_1_512' title='bbox 847 3248 996 3304; x_wconf 88' lang='lat' dir='ltr'><strong>nulla</strong></span> <span class='ocrx_word' id='word_1_513' title='bbox 1023 3248 1146 3304; x_wconf 84' lang='lat' dir='ltr'><strong>lidei</strong></span> <span class='ocrx_word' id='word_1_514' title='bbox 1180 3249 1391 3320; x_wconf 90' lang='lat' dir='ltr'><strong>spicula</strong></span> <span class='ocrx_word' id='word_1_515' title='bbox 1419 3247 1734 3304; x_wconf 84' lang='lat' dir='ltr'><strong>admittitis!</strong></span> <span class='ocrx_word' id='word_1_516' title='bbox 1757 3245 1947 3304; x_wconf 89' lang='lat' dir='ltr'><strong>Potest</strong></span> <span class='ocrx_word' id='word_1_517' title='bbox 1973 3256 2060 3303; x_wconf 85' lang='lat' dir='ltr'><strong>ta-</strong></span> <span class='ocrx_word' id='word_1_518' title='bbox 2160 3253 2292 3308; x_wconf 79' lang='lat' dir='ltr'><strong>stris</strong></span> <span class='ocrx_word' id='word_1_519' title='bbox 2321 3251 2686 3320; x_wconf 83' lang='lat' dir='ltr'><strong>exsultamus,</strong></span> <span class='ocrx_word' id='word_1_520' title='bbox 2711 3251 2808 3323; x_wconf 91' lang='lat' dir='ltr'><strong>qui</strong></span> <span class='ocrx_word' id='word_1_521' title='bbox 2831 3256 3244 3307; x_wconf 85' lang='lat' dir='ltr'><strong>contemnentes</strong></span> <span class='ocrx_word' id='word_1_522' title='bbox 3261 3246 3417 3319; x_wconf 71' lang='lat' dir='ltr'><strong>iussa</strong></span> <span class='ocrx_word' id='word_1_523' title='bbox 3445 3243 3758 3316; x_wconf 88' lang='lat' dir='ltr'><strong>principum</strong></span> 
     </span>
    </p>
   </div>
   <div class='ocr_carea' id='block_1_63' title="bbox 459 3333 2059 3413">
    <p class='ocr_par' dir='ltr' id='par_1_63' title="bbox 459 3333 2059 3413">
     <span class='ocr_line' id='line_1_63' title="bbox 459 3333 2059 3413; baseline -0.001 -18"><span class='ocrx_word' id='word_1_524' title='bbox 459 3354 583 3396; x_wconf 74' lang='lat' dir='ltr'><strong>men</strong></span> <span class='ocrx_word' id='word_1_525' title='bbox 611 3333 878 3396; x_wconf 86' lang='lat' dir='ltr'><strong>Dominus</strong></span> <span class='ocrx_word' id='word_1_526' title='bbox 913 3335 1123 3410; x_wconf 76' lang='lat' dir='ltr'><strong>noster,</strong></span> <span class='ocrx_word' id='word_1_527' title='bbox 1158 3350 1345 3413; x_wconf 85' lang='lat' dir='ltr'><strong>utpote</strong></span> <span class='ocrx_word' id='word_1_528' title='bbox 1373 3335 1568 3399; x_wconf 83' lang='lat' dir='ltr'><strong>fortior</strong></span> <span class='ocrx_word' id='word_1_529' title='bbox 1597 3348 1845 3396; x_wconf 87' lang='lat' dir='ltr'><strong>armatus</strong></span> <span class='ocrx_word' id='word_1_530' title='bbox 1870 3355 2059 3410; x_wconf 79' lang='lat' dir='ltr'><strong>super-</strong></span> 
     </span>
    </p>
   </div>
   <div class='ocr_carea' id='block_1_64' title="bbox 455 3432 2055 3503">
    <p class='ocr_par' dir='ltr' id='par_1_64' title="bbox 455 3432 2055 3503">
     <span class='ocr_line' id='line_1_64' title="bbox 455 3432 2055 3503; baseline 0.001 -16"><span class='ocrx_word' id='word_1_531' title='bbox 455 3433 704 3500; x_wconf 74' lang='lat' dir='ltr'><strong>veniens,</strong></span> <span class='ocrx_word' id='word_1_532' title='bbox 736 3432 932 3489; x_wconf 81' lang='lat' dir='ltr'><strong>fortem</strong></span> <span class='ocrx_word' id='word_1_533' title='bbox 953 3443 1198 3490; x_wconf 78' lang='lat' dir='ltr'><strong>vestrum</strong></span> <span class='ocrx_word' id='word_1_534' title='bbox 1221 3435 1441 3492; x_wconf 80' lang='lat' dir='ltr'><strong>vincere</strong></span> <span class='ocrx_word' id='word_1_535' title='bbox 1479 3441 1535 3490; x_wconf 90' lang='lat' dir='ltr'><strong>et</strong></span> <span class='ocrx_word' id='word_1_536' title='bbox 1573 3447 1726 3489; x_wconf 87' lang='lat' dir='ltr'><strong>arma</strong></span> <span class='ocrx_word' id='word_1_537' title='bbox 1763 3433 1816 3487; x_wconf 91' lang='lat' dir='ltr'><strong>in</strong></span> <span class='ocrx_word' id='word_1_538' title='bbox 1854 3432 2055 3503; x_wconf 88' lang='lat' dir='ltr'><strong>quibus</strong></span> 
     </span>
    </p>
   </div>
   <div class='ocr_carea' id='block_1_65' title="bbox 456 3519 2054 3596">
    <p class='ocr_par' dir='ltr' id='par_1_65' title="bbox 456 3519 2054 3596">
     <span class='ocr_line' id='line_1_65' title="bbox 456 3519 2054 3596; baseline -0.001 -18"><span class='ocrx_word' id='word_1_539' title='bbox 456 3519 686 3578; x_wconf 72' lang='lat' dir='ltr'><strong>conﬁdit</strong></span> <span class='ocrx_word' id='word_1_540' title='bbox 723 3521 940 3578; x_wconf 81' lang='lat' dir='ltr'><strong>auferre</strong></span> <span class='ocrx_word' id='word_1_541' title='bbox 981 3524 1186 3596; x_wconf 78' lang='lat' dir='ltr'><strong>(ibid.).</strong></span> <span class='ocrx_word' id='word_1_542' title='bbox 1231 3521 1351 3579; x_wconf 79' lang='lat' dir='ltr'><strong>Non</strong></span> <span class='ocrx_word' id='word_1_543' title='bbox 1391 3539 1524 3596; x_wconf 82' lang='lat' dir='ltr'><strong>ergo</strong></span> <span class='ocrx_word' id='word_1_544' title='bbox 1563 3531 1711 3579; x_wconf 81' lang='lat' dir='ltr'><strong>recte</strong></span> <span class='ocrx_word' id='word_1_545' title='bbox 1747 3523 2054 3593; x_wconf 83' lang='lat' dir='ltr'><strong>culpamur,</strong></span> 
     </span>
    </p>
   </div>
   <div class='ocr_carea' id='block_1_66' title="bbox 459 3609 2059 3684">
    <p class='ocr_par' dir='ltr' id='par_1_66' title="bbox 459 3609 2059 3684">
     <span class='ocr_line' id='line_1_66' title="bbox 459 3609 2059 3684; baseline 0.003 -18"><span class='ocrx_word' id='word_1_546' title='bbox 459 3609 506 3666; x_wconf 81' lang='lat' dir='ltr'><strong>si</strong></span> <span class='ocrx_word' id='word_1_547' title='bbox 533 3625 723 3682; x_wconf 84' lang='lat' dir='ltr'><strong>pacem</strong></span> <span class='ocrx_word' id='word_1_548' title='bbox 761 3613 911 3668; x_wconf 89' lang='lat' dir='ltr'><strong>illam</strong></span> <span class='ocrx_word' id='word_1_549' title='bbox 956 3615 1108 3670; x_wconf 90' lang='lat' dir='ltr'><strong>omni</strong></span> <span class='ocrx_word' id='word_1_550' title='bbox 1143 3617 1286 3670; x_wconf 90' lang='lat' dir='ltr'><strong>bello</strong></span> <span class='ocrx_word' id='word_1_551' title='bbox 1311 3617 1672 3671; x_wconf 88' lang='lat' dir='ltr'><strong>crudeliorem</strong></span> <span class='ocrx_word' id='word_1_552' title='bbox 1699 3617 2059 3684; x_wconf 86' lang='lat' dir='ltr'><strong>detestamur,</strong></span> 
     </span>
    </p>
   </div>
   <div class='ocr_carea' id='block_1_67' title="bbox 459 3695 2063 3778">
    <p class='ocr_par' dir='ltr' id='par_1_67' title="bbox 459 3695 2063 3778">
     <span class='ocr_line' id='line_1_67' title="bbox 459 3695 2063 3778; baseline 0.004 -20"><span class='ocrx_word' id='word_1_553' title='bbox 459 3720 625 3774; x_wconf 86' lang='lat' dir='ltr'><strong>quam</strong></span> <span class='ocrx_word' id='word_1_554' title='bbox 697 3704 815 3775; x_wconf 86' lang='lat' dir='ltr'><strong>ipsa</strong></span> <span class='ocrx_word' id='word_1_555' title='bbox 873 3695 1090 3764; x_wconf 58' lang='lat' dir='ltr'><strong>Veritas</strong></span> <span class='ocrx_word' id='word_1_556' title='bbox 1136 3723 1302 3778; x_wconf 89' lang='lat' dir='ltr'><strong>super</strong></span> <span class='ocrx_word' id='word_1_557' title='bbox 1347 3707 1690 3764; x_wconf 80' lang='lat' dir='ltr'><strong>Hierusalem</strong></span> <span class='ocrx_word' id='word_1_558' title='bbox 1739 3707 1919 3764; x_wconf 84' lang='lat' dir='ltr'><strong>ﬂendo</strong></span> <span class='ocrx_word' id='word_1_559' title='bbox 1972 3722 2063 3764; x_wconf 86' lang='lat' dir='ltr'><strong>re-</strong></span> 
     </span>
    </p>
   </div>
   <div class='ocr_carea' id='block_1_68' title="bbox 460 3798 2060 3874">
    <p class='ocr_par' dir='ltr' id='par_1_68' title="bbox 460 3798 2060 3874">
     <span class='ocr_line' id='line_1_68' title="bbox 460 3798 2060 3874; baseline 0.001 -21"><span class='ocrx_word' id='word_1_560' title='bbox 460 3798 658 3870; x_wconf 83' lang='lat' dir='ltr'><strong>probat</strong></span> <span class='ocrx_word' id='word_1_561' title='bbox 703 3799 894 3856; x_wconf 87' lang='lat' dir='ltr'><strong>dicens</strong></span> <span class='ocrx_word' id='word_1_562' title='bbox 922 3817 934 3854; x_wconf 89' lang='lat'><strong>:</strong></span> <span class='ocrx_word' id='word_1_563' title='bbox 966 3798 1038 3854; x_wconf 86' lang='lat' dir='ltr'><strong>Et</strong></span> <span class='ocrx_word' id='word_1_564' title='bbox 1070 3801 1284 3872; x_wconf 86' lang='lat' dir='ltr'><strong>quidem</strong></span> <span class='ocrx_word' id='word_1_565' title='bbox 1315 3803 1370 3856; x_wconf 85' lang='lat' dir='ltr'><strong>in</strong></span> <span class='ocrx_word' id='word_1_566' title='bbox 1399 3801 1498 3855; x_wconf 82' lang='lat' dir='ltr'><strong>hac</strong></span> <span class='ocrx_word' id='word_1_567' title='bbox 1531 3801 1618 3856; x_wconf 85' lang='lat' dir='ltr'><strong>die</strong></span> <span class='ocrx_word' id='word_1_568' title='bbox 1659 3809 1752 3856; x_wconf 88' lang='lat' dir='ltr'><strong>tua</strong></span> <span class='ocrx_word' id='word_1_569' title='bbox 1777 3843 1792 3870; x_wconf 92' lang='lat'><strong>,</strong></span> <span class='ocrx_word' id='word_1_570' title='bbox 1831 3817 1950 3874; x_wconf 79' lang='lat' dir='ltr'><strong>qua:</strong></span> <span class='ocrx_word' id='word_1_571' title='bbox 1988 3800 2060 3855; x_wconf 87' lang='lat' dir='ltr'><strong>ad</strong></span> 
     </span>
    </p>
   </div>
   <div class='ocr_carea' id='block_1_69' title="bbox 459 3890 2045 3966">
    <p class='ocr_par' dir='ltr' id='par_1_69' title="bbox 459 3890 2045 3966">
     <span class='ocr_line' id='line_1_69' title="bbox 459 3890 2045 3966; baseline 0.001 -20"><span class='ocrx_word' id='word_1_572' title='bbox 459 3902 642 3962; x_wconf 79' lang='lat' dir='ltr'><strong>pacem</strong></span> <span class='ocrx_word' id='word_1_573' title='bbox 683 3890 780 3946; x_wconf 79' lang='lat' dir='ltr'><strong>tibi</strong></span> <span class='ocrx_word' id='word_1_574' title='bbox 819 3890 972 3964; x_wconf 87' lang='lat' dir='ltr'><strong>(Luc.</strong></span> <span class='ocrx_word' id='word_1_575' title='bbox 1020 3894 1136 3966; x_wconf 69' lang='lat' dir='ltr'><strong>XIX)</strong></span> <span class='ocrx_word' id='word_1_576' title='bbox 1169 3911 1183 3962; x_wconf 92' lang='lat'><strong>;</strong></span> <span class='ocrx_word' id='word_1_577' title='bbox 1227 3903 1282 3949; x_wconf 89' lang='lat' dir='ltr'><strong>et</strong></span> <span class='ocrx_word' id='word_1_578' title='bbox 1316 3906 1484 3964; x_wconf 89' lang='lat' dir='ltr'><strong>quam</strong></span> <span class='ocrx_word' id='word_1_579' title='bbox 1507 3891 1762 3950; x_wconf 84' lang='lat' dir='ltr'><strong>Psalmus</strong></span> <span class='ocrx_word' id='word_1_580' title='bbox 1797 3893 1993 3965; x_wconf 77' lang='lat' dir='ltr'><strong>(Lxxu)</strong></span> <span class='ocrx_word' id='word_1_581' title='bbox 2031 3911 2045 3948; x_wconf 90' lang='lat'><strong>:</strong></span> 
     </span>
    </p>
   </div>
   <div class='ocr_carea' id='block_1_70' title="bbox 463 3981 1982 4056">
    <p class='ocr_par' dir='ltr' id='par_1_70' title="bbox 463 3981 1982 4056">
     <span class='ocr_line' id='line_1_70' title="bbox 463 3981 1982 4056; baseline 0.003 -18"><span class='ocrx_word' id='word_1_582' title='bbox 463 3981 634 4054; x_wconf 82' lang='lat' dir='ltr'><strong>Super</strong></span> <span class='ocrx_word' id='word_1_583' title='bbox 673 3983 881 4056; x_wconf 84' lang='lat' dir='ltr'><strong>iniquos</strong></span> <span class='ocrx_word' id='word_1_584' title='bbox 927 3984 1097 4040; x_wconf 68' lang='grc' dir='ltr'><strong>κειαυὶ</strong></span> <span class='ocrx_word' id='word_1_585' title='bbox 1118 4027 1135 4052; x_wconf 87' lang='grc'><em>,</em></span> <span class='ocrx_word' id='word_1_586' title='bbox 1186 4003 1368 4056; x_wconf 85' lang='lat' dir='ltr'><strong>pacem</strong></span> <span class='ocrx_word' id='word_1_587' title='bbox 1412 3996 1747 4056; x_wconf 84' lang='lat' dir='ltr'><strong>peccatorum</strong></span> <span class='ocrx_word' id='word_1_588' title='bbox 1781 3986 1982 4042; x_wconf 81' lang='lat' dir='ltr'><strong>videns.</strong></span> 
     </span>
    </p>
   </div>
   <div class='ocr_carea' id='block_1_71' title="bbox 2161 3345 3090 3416">
    <p class='ocr_par' dir='ltr' id='par_1_71' title="bbox 2161 3345 3090 3416">
     <span class='ocr_line' id='line_1_71' title="bbox 2161 3345 3090 3416; baseline -0.001 -16"><span class='ocrx_word' id='word_1_589' title='bbox 2161 3355 2482 3401; x_wconf 89' lang='lat' dir='ltr'><strong>meruerunt</strong></span> <span class='ocrx_word' id='word_1_590' title='bbox 2508 3345 2734 3416; x_wconf 74' lang='lat' dir='ltr'><strong>prmmia</strong></span> <span class='ocrx_word' id='word_1_591' title='bbox 2764 3353 2988 3400; x_wconf 63' lang='lat' dir='ltr'><strong>aeterna.</strong></span> <span class='ocrx_word' id='word_1_592' title='bbox 3085 3353 3090 3358; x_wconf 87' lang='lat'>&#39;</span> 
     </span>
    </p>
   </div>
   <div class='ocr_carea' id='block_1_72' title="bbox 2227 3428 3764 3508">
    <p class='ocr_par' dir='ltr' id='par_1_72' title="bbox 2227 3428 3764 3508">
     <span class='ocr_line' id='line_1_72' title="bbox 2227 3428 3764 3508; baseline -0.008 -16"><span class='ocrx_word' id='word_1_593' title='bbox 2227 3437 2402 3494; x_wconf 88' lang='lat' dir='ltr'><strong>Porro</strong></span> <span class='ocrx_word' id='word_1_594' title='bbox 2441 3439 2741 3494; x_wconf 89' lang='lat' dir='ltr'><strong>sententias</strong></span> <span class='ocrx_word' id='word_1_595' title='bbox 2787 3446 2910 3492; x_wconf 90' lang='lat' dir='ltr'><strong>tuas</strong></span> <span class='ocrx_word' id='word_1_596' title='bbox 2945 3434 3187 3508; x_wconf 85' lang='lat' dir='ltr'><strong>diligenti</strong></span> <span class='ocrx_word' id='word_1_597' title='bbox 3233 3430 3560 3489; x_wconf 85' lang='lat' dir='ltr'><strong>curiositate</strong></span> <span class='ocrx_word' id='word_1_598' title='bbox 3605 3428 3764 3482; x_wconf 85' lang='lat' dir='ltr'><strong>truti-</strong></span> 
     </span>
    </p>
   </div>
   <div class='ocr_carea' id='block_1_73' title="bbox 2162 3529 3766 3604">
    <p class='ocr_par' dir='ltr' id='par_1_73' title="bbox 2162 3529 3766 3604">
     <span class='ocr_line' id='line_1_73' title="bbox 2162 3529 3766 3604; baseline -0.01 -15"><span class='ocrx_word' id='word_1_599' title='bbox 2162 3543 2376 3600; x_wconf 87' lang='lat' dir='ltr'><strong>nantes,</strong></span> <span class='ocrx_word' id='word_1_600' title='bbox 2398 3534 2557 3604; x_wconf 87' lang='lat' dir='ltr'><strong>quasi</strong></span> <span class='ocrx_word' id='word_1_601' title='bbox 2584 3533 2888 3604; x_wconf 89' lang='lat' dir='ltr'><strong>spiritualia</strong></span> <span class='ocrx_word' id='word_1_602' title='bbox 2911 3529 3291 3602; x_wconf 87' lang='lat' dir='ltr'><strong>spiritualibus</strong></span> <span class='ocrx_word' id='word_1_603' title='bbox 3317 3537 3652 3598; x_wconf 89' lang='lat' dir='ltr'><strong>comparare</strong></span> <span class='ocrx_word' id='word_1_604' title='bbox 3676 3535 3766 3574; x_wconf 69' lang='lat' dir='ltr'><strong>so-</strong></span> 
     </span>
    </p>
   </div>
   <div class='ocr_carea' id='block_1_74' title="bbox 2159 3624 2788 3683">
    <p class='ocr_par' dir='ltr' id='par_1_74' title="bbox 2159 3624 2788 3683">
     <span class='ocr_line' id='line_1_74' title="bbox 2159 3624 2788 3683; baseline 0 -3"><span class='ocrx_word' id='word_1_605' title='bbox 2159 3625 2364 3682; x_wconf 89' lang='lat' dir='ltr'><strong>lumus.</strong></span> <span class='ocrx_word' id='word_1_606' title='bbox 2399 3624 2506 3682; x_wconf 88' lang='lat' dir='ltr'><strong>Sed</strong></span> <span class='ocrx_word' id='word_1_607' title='bbox 2531 3625 2788 3683; x_wconf 89' lang='lat' dir='ltr'><strong>sicut.....</strong></span> 
     </span>
    </p>
   </div>
   <div class='ocr_carea' id='block_1_75' title="bbox 2623 3757 3285 3832">
    <p class='ocr_par' dir='ltr' id='par_1_75' title="bbox 2623 3757 3285 3832">
     <span class='ocr_line' id='line_1_75' title="bbox 2623 3757 3285 3832; baseline -0.003 -17"><span class='ocrx_word' id='word_1_608' title='bbox 2623 3757 2691 3816; x_wconf 86' lang='lat' dir='ltr'><strong>Et</strong></span> <span class='ocrx_word' id='word_1_609' title='bbox 2719 3759 2929 3832; x_wconf 83' lang='lat' dir='ltr'><strong>reliqua</strong></span> <span class='ocrx_word' id='word_1_610' title='bbox 2955 3773 3070 3817; x_wconf 84' lang='lat' dir='ltr'><strong>non</strong></span> <span class='ocrx_word' id='word_1_611' title='bbox 3088 3773 3285 3831; x_wconf 86' lang='lat' dir='ltr'><strong>pauca.</strong></span> 
     </span>
    </p>
   </div>
   <div class='ocr_carea' id='block_1_76' title="bbox 2163 3891 3770 3970">
    <p class='ocr_par' dir='ltr' id='par_1_76' title="bbox 2163 3891 3770 3970">
     <span class='ocr_line' id='line_1_76' title="bbox 2163 3891 3770 3970; baseline -0.004 -18"><span class='ocrx_word' id='word_1_612' title='bbox 2163 3895 2370 3952; x_wconf 68' lang='lat' dir='ltr'><strong>thcra</strong></span> <span class='ocrx_word' id='word_1_613' title='bbox 2411 3897 2622 3969; x_wconf 78' lang='lat' dir='ltr'><strong>desunt;</strong></span> <span class='ocrx_word' id='word_1_614' title='bbox 2649 3915 2767 3970; x_wconf 80' lang='lat' dir='ltr'><strong>qme</strong></span> <span class='ocrx_word' id='word_1_615' title='bbox 2797 3898 2964 3952; x_wconf 87' lang='lat' dir='ltr'><strong>multa</strong></span> <span class='ocrx_word' id='word_1_616' title='bbox 3007 3897 3172 3970; x_wconf 73' lang='lat' dir='ltr'><strong>fuisse</strong></span> <span class='ocrx_word' id='word_1_617' title='bbox 3197 3903 3430 3952; x_wconf 86' lang='lat' dir='ltr'><strong>testatur</strong></span> <span class='ocrx_word' id='word_1_618' title='bbox 3448 3893 3568 3948; x_wconf 67' lang='lat' dir='ltr'><strong>hazc</strong></span> <span class='ocrx_word' id='word_1_619' title='bbox 3597 3891 3770 3947; x_wconf 78' lang='lat' dir='ltr'><strong>Dede-</strong></span> 
     </span>
    </p>
   </div>
   <div class='ocr_carea' id='block_1_77' title="bbox 2377 3989 3556 4059">
    <p class='ocr_par' dir='ltr' id='par_1_77' title="bbox 2377 3989 3556 4059">
     <span class='ocr_line' id='line_1_77' title="bbox 2377 3989 3556 4059; baseline -0.003 -17"><span class='ocrx_word' id='word_1_620' title='bbox 2377 3989 2519 4043; x_wconf 74' lang='lat' dir='ltr'><strong>cltini</strong></span> <span class='ocrx_word' id='word_1_621' title='bbox 2557 3989 2802 4044; x_wconf 84' lang='lat' dir='ltr'><strong>clausula</strong></span> <span class='ocrx_word' id='word_1_622' title='bbox 2836 4005 2854 4044; x_wconf 91' lang='lat'><strong><em>:</em></strong></span> <span class='ocrx_word' id='word_1_623' title='bbox 2880 3989 2947 4044; x_wconf 81' lang='lat' dir='ltr'><strong>Et</strong></span> <span class='ocrx_word' id='word_1_624' title='bbox 2975 3989 3184 4059; x_wconf 88' lang='lat' dir='ltr'><strong>reliqua</strong></span> <span class='ocrx_word' id='word_1_625' title='bbox 3213 4003 3321 4042; x_wconf 89' lang='lat' dir='ltr'><strong>non</strong></span> <span class='ocrx_word' id='word_1_626' title='bbox 3351 4002 3556 4058; x_wconf 86' lang='lat' dir='ltr'><strong>pauca.</strong></span> 
     </span>
    </p>
   </div>
   <div class='ocr_carea' id='block_1_78' title="bbox 469 4077 3768 4114">
    <p class='ocr_par' dir='ltr' id='par_1_78' title="bbox 469 4077 3768 4114">
     <span class='ocr_line' id='line_1_78' title="bbox 469 4077 3768 4114; baseline 0 -5"><span class='ocrx_word' id='word_1_627' title='bbox 469 4077 3768 4114; x_wconf 58' lang='lat' dir='ltr'>ww</span> 
     </span>
    </p>
   </div>
   <div class='ocr_carea' id='block_1_79' title="bbox 1231 4131 2918 4298">
    <p class='ocr_par' dir='ltr' id='par_1_79' title="bbox 1231 4131 2918 4298">
     <span class='ocr_line' id='line_1_79' title="bbox 1231 4131 2918 4298; baseline 0.004 -6"><span class='ocrx_word' id='word_1_628' title='bbox 1231 4245 1236 4250; x_wconf 57' lang='grc' dir='ltr'><em>ι</em></span> <span class='ocrx_word' id='word_1_629' title='bbox 1301 4131 1992 4294; x_wconf 86' lang='lat' dir='ltr'><strong>EPISTOLA</strong></span> <span class='ocrx_word' id='word_1_630' title='bbox 2075 4181 2197 4294; x_wconf 90' lang='lat' dir='ltr'><strong>s.</strong></span> <span class='ocrx_word' id='word_1_631' title='bbox 2293 4180 2918 4298; x_wconf 90' lang='lat' dir='ltr'><strong>ANSELMI</strong></span> 
     </span>
    </p>
   </div>
   <div class='ocr_carea' id='block_1_80' title="bbox 1548 4353 2692 4428">
    <p class='ocr_par' dir='ltr' id='par_1_80' title="bbox 1548 4353 2692 4428">
     <span class='ocr_line' id='line_1_80' title="bbox 1548 4353 2692 4428; baseline 0.003 -17"><span class='ocrx_word' id='word_1_632' title='bbox 1548 4353 2075 4414; x_wconf 78' lang='lat' dir='ltr'><strong>ARCHIEPISCOPI</strong></span> <span class='ocrx_word' id='word_1_633' title='bbox 2112 4355 2692 4428; x_wconf 81' lang='lat' dir='ltr'><strong>CANTUARIENSIS,</strong></span> 
     </span>
    </p>
   </div>
   <div class='ocr_carea' id='block_1_81' title="bbox 1368 4469 2832 4551">
    <p class='ocr_par' dir='ltr' id='par_1_81' title="bbox 1368 4469 2832 4551">
     <span class='ocr_line' id='line_1_81' title="bbox 1368 4469 2832 4551; baseline 0 -15"><span class='ocrx_word' id='word_1_634' title='bbox 1368 4470 1466 4536; x_wconf 84' lang='lat' dir='ltr'><strong>Ad</strong></span> <span class='ocrx_word' id='word_1_635' title='bbox 1493 4469 1928 4534; x_wconf 86' lang='lat' dir='ltr'><strong>Wilhelmum</strong></span> <span class='ocrx_word' id='word_1_636' title='bbox 1965 4471 2264 4534; x_wconf 81' lang='lat' dir='ltr'><strong>abbatem</strong></span> <span class='ocrx_word' id='word_1_637' title='bbox 2293 4469 2832 4551; x_wconf 83' lang='lat' dir='ltr'><strong>Hirsaugiensem</strong></span> 
     </span>
    </p>
   </div>
   <div class='ocr_carea' id='block_1_82' title="bbox 797 4571 3438 4646">
    <p class='ocr_par' dir='ltr' id='par_1_82' title="bbox 797 4571 3438 4646">
     <span class='ocr_line' id='line_1_82' title="bbox 797 4571 3438 4646; baseline -0.002 -16"><span class='ocrx_word' id='word_1_638' title='bbox 797 4573 961 4630; x_wconf 75' lang='lat' dir='ltr'><strong>Docet</strong></span> <span class='ocrx_word' id='word_1_639' title='bbox 993 4575 1122 4644; x_wconf 75' lang='lat' dir='ltr'><strong>quid</strong></span> <span class='ocrx_word' id='word_1_640' title='bbox 1146 4572 1410 4646; x_wconf 82' lang='lat' dir='ltr'><strong>ageudum</strong></span> <span class='ocrx_word' id='word_1_641' title='bbox 1435 4573 1508 4626; x_wconf 82' lang='lat' dir='ltr'><strong>sit</strong></span> <span class='ocrx_word' id='word_1_642' title='bbox 1536 4589 1658 4627; x_wconf 88' lang='lat' dir='ltr'><strong>eum</strong></span> <span class='ocrx_word' id='word_1_643' title='bbox 1679 4573 1870 4646; x_wconf 86' lang='lat' dir='ltr'><strong>comite</strong></span> <span class='ocrx_word' id='word_1_644' title='bbox 1893 4571 2151 4646; x_wconf 55' lang='lat' dir='ltr'><strong>quodam!</strong></span> <span class='ocrx_word' id='word_1_645' title='bbox 2163 4573 2256 4644; x_wconf 81' lang='lat' dir='ltr'><strong>qui</strong></span> <span class='ocrx_word' id='word_1_646' title='bbox 2280 4571 2882 4646; x_wconf 75' lang='lat' dir='ltr'><strong>dieina_celebrantibus</strong></span> <span class='ocrx_word' id='word_1_647' title='bbox 2905 4587 3016 4628; x_wconf 78' lang='lat' dir='ltr'><strong>sese</strong></span> <span class='ocrx_word' id='word_1_648' title='bbox 3035 4571 3438 4636; x_wconf 83' lang='lat' dir='ltr'><strong>immiscuerat;</strong></span> 
     </span>
    </p>
   </div>
   <div class='ocr_carea' id='block_1_83' title="bbox 1625 4642 2604 4713">
    <p class='ocr_par' dir='ltr' id='par_1_83' title="bbox 1625 4642 2604 4713">
     <span class='ocr_line' id='line_1_83' title="bbox 1625 4642 2604 4713; baseline 0 -17"><span class='ocrx_word' id='word_1_649' title='bbox 1625 4651 1675 4696; x_wconf 83' lang='lat' dir='ltr'><strong>et</strong></span> <span class='ocrx_word' id='word_1_650' title='bbox 1701 4643 1766 4697; x_wconf 88' lang='lat' dir='ltr'><strong>de</strong></span> <span class='ocrx_word' id='word_1_651' title='bbox 1795 4642 2113 4713; x_wconf 54' lang='lat' dir='ltr'><strong>presbyteris</strong></span> <span class='ocrx_word' id='word_1_652' title='bbox 2133 4642 2604 4698; x_wconf 79' lang='lat' dir='ltr'><strong>incontinentibus.</strong></span> 
     </span>
    </p>
   </div>
   <div class='ocr_carea' id='block_1_84' title="bbox 507 4733 2069 4822">
    <p class='ocr_par' dir='ltr' id='par_1_84' title="bbox 507 4733 2069 4822">
     <span class='ocr_line' id='line_1_84' title="bbox 507 4733 2069 4822; baseline -0.005 -26"><span class='ocrx_word' id='word_1_653' title='bbox 507 4813 512 4822; x_wconf 29' lang='grc' dir='ltr'>ι</span> <span class='ocrx_word' id='word_1_654' title='bbox 539 4739 772 4797; x_wconf 78' lang='lat' dir='ltr'><strong>Domino</strong></span> <span class='ocrx_word' id='word_1_655' title='bbox 797 4745 852 4792; x_wconf 83' lang='lat' dir='ltr'><strong>et</strong></span> <span class='ocrx_word' id='word_1_656' title='bbox 868 4735 1020 4792; x_wconf 84' lang='lat' dir='ltr'><strong>Patri</strong></span> <span class='ocrx_word' id='word_1_657' title='bbox 1040 4734 1341 4818; x_wconf 59' lang='lat' dir='ltr'><strong>reycrendo</strong></span> <span class='ocrx_word' id='word_1_658' title='bbox 1365 4734 1551 4790; x_wconf 88' lang='lat' dir='ltr'><strong>abbati</strong></span> <span class='ocrx_word' id='word_1_659' title='bbox 1585 4733 1925 4802; x_wconf 68' lang='lat' dir='ltr'><strong>Genusum,</strong></span> <span class='ocrx_word' id='word_1_660' title='bbox 1953 4733 2069 4788; x_wconf 80' lang='lat' dir='ltr'><strong>{ra-</strong></span> 
     </span>
    </p>
   </div>
   <div class='ocr_carea' id='block_1_85' title="bbox 440 4819 2067 4898">
    <p class='ocr_par' dir='ltr' id='par_1_85' title="bbox 440 4819 2067 4898">
     <span class='ocr_line' id='line_1_85' title="bbox 440 4819 2067 4898; baseline -0.004 -12"><span class='ocrx_word' id='word_1_661' title='bbox 440 4819 552 4886; x_wconf 38' lang='lat' dir='ltr'><strong>[tor</strong></span> <span class='ocrx_word' id='word_1_662' title='bbox 575 4829 878 4897; x_wconf 65' lang='lat' dir='ltr'><strong>ASSELHUS,</strong></span> <span class='ocrx_word' id='word_1_663' title='bbox 921 4829 976 4897; x_wconf 80' lang='lat' dir='ltr'><strong>in</strong></span> <span class='ocrx_word' id='word_1_664' title='bbox 1009 4828 1114 4884; x_wconf 90' lang='lat' dir='ltr'><strong>hac</strong></span> <span class='ocrx_word' id='word_1_665' title='bbox 1140 4827 1249 4882; x_wconf 80' lang='lat' dir='ltr'><strong>vita</strong></span> <span class='ocrx_word' id='word_1_666' title='bbox 1277 4819 1594 4882; x_wconf 82' lang='lat' dir='ltr'><strong>diuturnam</strong></span> <span class='ocrx_word' id='word_1_667' title='bbox 1621 4827 2067 4898; x_wconf 82' lang='lat' dir='ltr'><strong>prosperitatem,</strong></span> 
     </span>
    </p>
   </div>
   <div class='ocr_carea' id='block_1_86' title="bbox 471 4911 1398 4992">
    <p class='ocr_par' dir='ltr' id='par_1_86' title="bbox 471 4911 1398 4992">
     <span class='ocr_line' id='line_1_86' title="bbox 471 4911 1398 4992; baseline -0.002 -16"><span class='ocrx_word' id='word_1_668' title='bbox 471 4917 526 4978; x_wconf 91' lang='lat' dir='ltr'><strong>in</strong></span> <span class='ocrx_word' id='word_1_669' title='bbox 557 4911 739 4978; x_wconf 80' lang='lat' dir='ltr'><strong>futura</strong></span> <span class='ocrx_word' id='word_1_670' title='bbox 770 4931 1032 4976; x_wconf 81' lang='lat' dir='ltr'><strong>aeternam</strong></span> <span class='ocrx_word' id='word_1_671' title='bbox 1065 4917 1398 4992; x_wconf 80' lang='lat' dir='ltr'><strong>felicitatem.</strong></span> 
     </span>
    </p>
   </div>
   <div class='ocr_carea' id='block_1_87' title="bbox 2245 4731 3778 4809">
    <p class='ocr_par' dir='ltr' id='par_1_87' title="bbox 2245 4731 3778 4809">
     <span class='ocr_line' id='line_1_87' title="bbox 2245 4731 3778 4809; baseline -0.001 -21"><span class='ocrx_word' id='word_1_672' title='bbox 2245 4733 2323 4789; x_wconf 81' lang='lat' dir='ltr'><strong>Ex</strong></span> <span class='ocrx_word' id='word_1_673' title='bbox 2363 4749 2474 4809; x_wconf 87' lang='lat' dir='ltr'><strong>quo</strong></span> <span class='ocrx_word' id='word_1_674' title='bbox 2502 4743 2683 4790; x_wconf 81' lang='lat' dir='ltr'><strong>vestra</strong></span> <span class='ocrx_word' id='word_1_675' title='bbox 2709 4734 3020 4806; x_wconf 89' lang='lat' dir='ltr'><strong>probitas...</strong></span> <span class='ocrx_word' id='word_1_676' title='bbox 3050 4731 3278 4806; x_wconf 84' lang='lat' dir='ltr'><strong>Reliqua</strong></span> <span class='ocrx_word' id='word_1_677' title='bbox 3303 4731 3422 4788; x_wconf 76' lang='lat' dir='ltr'><strong>vide</strong></span> <span class='ocrx_word' id='word_1_678' title='bbox 3450 4733 3508 4786; x_wconf 84' lang='lat' dir='ltr'><strong>in</strong></span> <span class='ocrx_word' id='word_1_679' title='bbox 3536 4732 3778 4804; x_wconf 82' lang='lat' dir='ltr'><strong>epistolis</strong></span> 
     </span>
    </p>
   </div>
   <div class='ocr_carea' id='block_1_88' title="bbox 2173 4825 3148 4899">
    <p class='ocr_par' dir='ltr' id='par_1_88' title="bbox 2173 4825 3148 4899">
     <span class='ocr_line' id='line_1_88' title="bbox 2173 4825 3148 4899; baseline 0 -17"><span class='ocrx_word' id='word_1_680' title='bbox 2173 4829 2434 4894; x_wconf 69' lang='lat' dir='ltr'><strong>Assum,</strong></span> <span class='ocrx_word' id='word_1_681' title='bbox 2469 4827 2635 4899; x_wconf 81' lang='lat' dir='ltr'><strong>infra,</strong></span> <span class='ocrx_word' id='word_1_682' title='bbox 2669 4827 2740 4882; x_wconf 89' lang='lat' dir='ltr'><strong>ad</strong></span> <span class='ocrx_word' id='word_1_683' title='bbox 2766 4825 3148 4892; x_wconf 70' lang='lat' dir='ltr'><strong>annum1109.</strong></span> 
     </span>
    </p>
   </div>
   <div class='ocr_carea' id='block_1_89' title="bbox 2241 5003 3758 5042">
    <p class='ocr_par' dir='ltr' id='par_1_89' title="bbox 2241 5003 3758 5042">
     <span class='ocr_line' id='line_1_89' title="bbox 2241 5003 3758 5042; baseline -0.004 1"><span class='ocrx_word' id='word_1_684' title='bbox 2241 5003 3758 5042; x_wconf 62' lang='lat' dir='ltr'><em>W</em></span> 
     </span>
    </p>
   </div>
   <div class='ocr_carea' id='block_1_90' title="bbox 472 5019 2456 5052">
    <p class='ocr_par' dir='ltr' id='par_1_90' title="bbox 472 5019 2456 5052">
     <span class='ocr_line' id='line_1_90' title="bbox 472 5019 2456 5052; baseline -0.004 -1"><span class='ocrx_word' id='word_1_685' title='bbox 472 5019 2456 5052; x_wconf 48' lang='grc' dir='ltr'>Μ</span> 
     </span>
    </p>
   </div>
   <div class='ocr_carea' id='block_1_91' title="bbox 1165 5077 2128 5214">
    <p class='ocr_par' dir='ltr' id='par_1_91' title="bbox 1165 5077 2128 5214">
     <span class='ocr_line' id='line_1_91' title="bbox 1165 5077 2128 5214; baseline 0.002 -2"><span class='ocrx_word' id='word_1_686' title='bbox 1165 5167 1176 5174; x_wconf 91' lang='lat'><strong>-</strong></span> <span class='ocrx_word' id='word_1_687' title='bbox 1236 5077 2128 5214; x_wconf 79' lang='lat' dir='ltr'><strong>COMMENTARIO</strong></span> 
     </span>
    </p>
   </div>
   <div class='ocr_carea' id='block_1_92' title="bbox 1199 5253 2705 5430">
    <p class='ocr_par' dir='ltr' id='par_1_92' title="bbox 1199 5253 2705 5430">
     <span class='ocr_line' id='line_1_92' title="bbox 1199 5253 2705 5430; baseline 0.003 -4"><span class='ocrx_word' id='word_1_688' title='bbox 1327 5419 1372 5430; x_wconf 82' lang='lat'><strong>_.</strong></span> <span class='ocrx_word' id='word_1_689' title='bbox 1471 5253 2705 5430; x_wconf 53' lang='grc' dir='ltr'><strong>ἓὲἓρέἒξῗέἒὲξ</strong></span> 
     </span>
    </p>
   </div>
   <div class='ocr_carea' id='block_1_93' title="bbox 1735 5393 3450 5430">
    <p class='ocr_par' dir='ltr' id='par_1_93' title="bbox 1735 5393 3450 5430">
     <span class='ocr_line' id='line_1_93' title="bbox 1735 5393 3450 5430; baseline 0 0"><span class='ocrx_word' id='word_1_690' title='bbox 1735 5425 1816 5430; x_wconf 69' lang='grc' dir='ltr'><strong>η--</strong></span> <span class='ocrx_word' id='word_1_691' title='bbox 1852 5409 1904 5430; x_wconf 79' lang='lat' dir='ltr'><strong>‘II</strong></span> <span class='ocrx_word' id='word_1_692' title='bbox 1940 5412 2100 5430; x_wconf 68' lang='lat' dir='ltr'><strong>_-..a.</strong></span> <span class='ocrx_word' id='word_1_693' title='bbox 2155 5407 2516 5430; x_wconf 62' lang='lat' dir='ltr'><strong>n-......--.~.</strong></span> <span class='ocrx_word' id='word_1_694' title='bbox 2577 5405 2636 5430; x_wconf 74' lang='grc' dir='ltr'><strong>ιιι</strong></span> <span class='ocrx_word' id='word_1_695' title='bbox 2673 5395 3028 5430; x_wconf 59' lang='grc' dir='ltr'><strong>πΑυ-..ξηοςω</strong></span> <span class='ocrx_word' id='word_1_696' title='bbox 3079 5393 3137 5430; x_wconf 69' lang='grc' dir='ltr'><strong>ν</strong></span> <span class='ocrx_word' id='word_1_697' title='bbox 3172 5395 3450 5430; x_wconf 62' lang='grc' dir='ltr'><strong>ὅτηηηησιθ</strong></span> 
     </span>
    </p>
   </div>
   <div class='ocr_carea' id='block_1_94' title="bbox 2139 5107 3023 5210">
    <p class='ocr_par' dir='ltr' id='par_1_94' title="bbox 2139 5107 3023 5210">
     <span class='ocr_line' id='line_1_94' title="bbox 2139 5107 3023 5210; baseline -0.01 -2"><span class='ocrx_word' id='word_1_698' title='bbox 2139 5118 2376 5210; x_wconf 80' lang='lat' dir='ltr'><strong>LUSl</strong></span> <span class='ocrx_word' id='word_1_699' title='bbox 2437 5107 3023 5206; x_wconf 86' lang='lat' dir='ltr'><strong>HESSONIS</strong></span> 
     </span>
    </p>
   </div>
   <div class='ocr_carea' id='block_1_95' title="bbox 3526 5406 3700 5430">
    <p class='ocr_par' dir='ltr' id='par_1_95' title="bbox 3526 5406 3700 5430">
     <span class='ocr_line' id='line_1_95' title="bbox 3526 5406 3700 5430; baseline 0 0"><span class='ocrx_word' id='word_1_700' title='bbox 3526 5406 3700 5430; x_wconf 61' lang='lat' dir='ltr'><strong>nni-Ilo</strong></span> 
     </span>
    </p>
   </div>
  </div>
