  <div class='ocr_page' id='page_1' title='image "/cluster/home/n/w/nwhite01/storage/ocr_20150623/148/hvd.32044015471840/725.png"; bbox 0 0 3996 5474; ppageno 0'>
   <div class='ocr_carea' id='block_1_1' title="bbox 537 251 676 307">
    <p class='ocr_par' dir='ltr' id='par_1_1' title="bbox 537 251 676 307">
     <span class='ocr_line' id='line_1_1' title="bbox 537 251 676 307; baseline 0.007 -1"><span class='ocrx_word' id='word_1_1' title='bbox 537 255 556 306; x_wconf 90' lang='grc'><strong>1</strong></span> <span class='ocrx_word' id='word_1_2' title='bbox 569 251 676 307; x_wconf 70' lang='grc'><strong>455</strong></span> 
     </span>
    </p>
   </div>
   <div class='ocr_carea' id='block_1_2' title="bbox 1531 257 2946 348">
    <p class='ocr_par' dir='ltr' id='par_1_2' title="bbox 1531 257 2946 348">
     <span class='ocr_line' id='line_1_2' title="bbox 1531 257 2946 348; baseline 0.013 -37"><span class='ocrx_word' id='word_1_3' title='bbox 1531 257 1624 312; x_wconf 79' lang='grc' dir='ltr'><strong>ΑΒ</strong></span> <span class='ocrx_word' id='word_1_4' title='bbox 1660 258 1888 317; x_wconf 77' lang='lat' dir='ltr'><strong>OPEﬂA</strong></span> <span class='ocrx_word' id='word_1_5' title='bbox 1929 263 1985 320; x_wconf 84' lang='lat' dir='ltr'><strong>S.</strong></span> <span class='ocrx_word' id='word_1_6' title='bbox 2024 264 2355 324; x_wconf 77' lang='lat' dir='ltr'><strong>GREGORII</strong></span> <span class='ocrx_word' id='word_1_7' title='bbox 2387 269 2856 348; x_wconf 38' lang='lat' dir='ltr'><strong>APPENDICES...</strong></span> 
     </span>
    </p>
   </div>
   <div class='ocr_carea' id='block_1_3' title="bbox 3697 271 3838 328">
    <p class='ocr_par' dir='ltr' id='par_1_3' title="bbox 3697 271 3838 328">
     <span class='ocr_line' id='line_1_3' title="bbox 3697 271 3838 328; baseline 0.014 -2"><span class='ocrx_word' id='word_1_8' title='bbox 3697 271 3838 328; x_wconf 68' lang='lat'><strong>“56</strong></span> 
     </span>
    </p>
   </div>
   <div class='ocr_carea' id='block_1_4' title="bbox 533 367 3838 460">
    <p class='ocr_par' dir='ltr' id='par_1_4' title="bbox 533 367 3838 460">
     <span class='ocr_line' id='line_1_4' title="bbox 533 367 3838 460; baseline 0.008 -42"><span class='ocrx_word' id='word_1_9' title='bbox 533 373 642 454; x_wconf 82' lang='lat' dir='ltr'><strong>tate</strong></span> <span class='ocrx_word' id='word_1_10' title='bbox 672 381 960 450; x_wconf 77' lang='lat' dir='ltr'><strong>successor</strong></span> <span class='ocrx_word' id='word_1_11' title='bbox 983 367 1041 424; x_wconf 82' lang='lat' dir='ltr'><strong>S.</strong></span> <span class='ocrx_word' id='word_1_12' title='bbox 1075 367 1272 428; x_wconf 83' lang='lat' dir='ltr'><strong>Leonis</strong></span> <span class='ocrx_word' id='word_1_13' title='bbox 1299 388 1472 445; x_wconf 71' lang='lat' dir='ltr'><strong>papae,</strong></span> <span class='ocrx_word' id='word_1_14' title='bbox 1497 385 1668 434; x_wconf 84' lang='lat' dir='ltr'><strong>misso</strong></span> <span class='ocrx_word' id='word_1_15' title='bbox 1700 379 1878 450; x_wconf 83' lang='lat' dir='ltr'><strong>legato</strong></span> <span class='ocrx_word' id='word_1_16' title='bbox 1911 381 1968 436; x_wconf 81' lang='lat' dir='ltr'><strong>in</strong></span> <span class='ocrx_word' id='word_1_17' title='bbox 2003 383 2130 436; x_wconf 83' lang='lat' dir='ltr'><strong>Gal-</strong></span> <span class='ocrx_word' id='word_1_18' title='bbox 2157 393 2205 450; x_wconf 79' lang='grc' dir='ltr'>Α</span> <span class='ocrx_word' id='word_1_19' title='bbox 2231 387 2276 442; x_wconf 90' lang='lat' dir='ltr'><strong>si</strong></span> <span class='ocrx_word' id='word_1_20' title='bbox 2296 402 2398 458; x_wconf 81' lang='lat' dir='ltr'><strong>ego</strong></span> <span class='ocrx_word' id='word_1_21' title='bbox 2420 387 2535 458; x_wconf 90' lang='lat' dir='ltr'><strong>ipse</strong></span> <span class='ocrx_word' id='word_1_22' title='bbox 2556 388 2850 460; x_wconf 80' lang='lat' dir='ltr'><strong>aliquando</strong></span> <span class='ocrx_word' id='word_1_23' title='bbox 2869 396 3060 444; x_wconf 84' lang='lat' dir='ltr'><strong>contra</strong></span> <span class='ocrx_word' id='word_1_24' title='bbox 3079 389 3196 444; x_wconf 71' lang='lat' dir='ltr'><strong>haec</strong></span> <span class='ocrx_word' id='word_1_25' title='bbox 3214 388 3420 442; x_wconf 87' lang='lat' dir='ltr'><strong>sentire</strong></span> <span class='ocrx_word' id='word_1_26' title='bbox 3445 401 3510 442; x_wconf 89' lang='lat' dir='ltr'><strong>ac</strong></span> <span class='ocrx_word' id='word_1_27' title='bbox 3529 384 3838 458; x_wconf 67' lang='lat' dir='ltr'><strong>praedicare</strong></span> 
     </span>
    </p>
   </div>
   <div class='ocr_carea' id='block_1_5' title="bbox 531 448 2130 534">
    <p class='ocr_par' dir='ltr' id='par_1_5' title="bbox 531 448 2130 534">
     <span class='ocr_line' id='line_1_5' title="bbox 531 448 2130 534; baseline 0.011 -22"><span class='ocrx_word' id='word_1_28' title='bbox 531 448 658 526; x_wconf 86' lang='lat' dir='ltr'><strong>lias,</strong></span> <span class='ocrx_word' id='word_1_29' title='bbox 683 448 981 517; x_wconf 72' lang='lat' dir='ltr'><strong>venerabili</strong></span> <span class='ocrx_word' id='word_1_30' title='bbox 1005 463 1227 534; x_wconf 87' lang='lat' dir='ltr'><strong>inquam</strong></span> <span class='ocrx_word' id='word_1_31' title='bbox 1271 463 1638 524; x_wconf 68' lang='lat' dir='ltr'><strong>Hildebrando</strong></span> <span class='ocrx_word' id='word_1_32' title='bbox 1683 448 1816 527; x_wconf 78' lang='lat' dir='ltr'><strong>tunc</strong></span> <span class='ocrx_word' id='word_1_33' title='bbox 1856 473 2130 530; x_wconf 88' lang='lat' dir='ltr'><strong>archidia-</strong></span> 
     </span>
    </p>
   </div>
   <div class='ocr_carea' id='block_1_6' title="bbox 534 553 2128 640">
    <p class='ocr_par' dir='ltr' id='par_1_6' title="bbox 534 553 2128 640">
     <span class='ocr_line' id='line_1_6' title="bbox 534 553 2128 640; baseline 0.012 -35"><span class='ocrx_word' id='word_1_34' title='bbox 534 565 702 620; x_wconf 85' lang='lat' dir='ltr'><strong>cono,</strong></span> <span class='ocrx_word' id='word_1_35' title='bbox 715 553 808 609; x_wconf 92' lang='lat' dir='ltr'><strong>sed</strong></span> <span class='ocrx_word' id='word_1_36' title='bbox 834 556 1004 610; x_wconf 80' lang='lat' dir='ltr'><strong>nostri</strong></span> <span class='ocrx_word' id='word_1_37' title='bbox 1019 558 1278 628; x_wconf 85' lang='lat' dir='ltr'><strong>temporis</strong></span> <span class='ocrx_word' id='word_1_38' title='bbox 1288 562 1586 630; x_wconf 87' lang='lat' dir='ltr'><strong>apostolico</strong></span> <span class='ocrx_word' id='word_1_39' title='bbox 1600 563 1806 640; x_wconf 75' lang='lat' dir='ltr'><strong>(M80),</strong></span> <span class='ocrx_word' id='word_1_40' title='bbox 1819 568 2128 638; x_wconf 78' lang='lat' dir='ltr'><strong>generalem</strong></span> 
     </span>
    </p>
   </div>
   <div class='ocr_carea' id='block_1_7' title="bbox 463 643 2130 732">
    <p class='ocr_par' dir='ltr' id='par_1_7' title="bbox 463 643 2130 732">
     <span class='ocr_line' id='line_1_7' title="bbox 463 643 2130 732; baseline 0.011 -33"><span class='ocrx_word' id='word_1_41' title='bbox 463 697 472 706; x_wconf 82' lang='grc'><em>,</em></span> <span class='ocrx_word' id='word_1_42' title='bbox 535 643 809 718; x_wconf 82' lang='lat' dir='ltr'><strong>synodum</strong></span> <span class='ocrx_word' id='word_1_43' title='bbox 839 648 1077 706; x_wconf 91' lang='lat' dir='ltr'><strong>Turonis</strong></span> <span class='ocrx_word' id='word_1_44' title='bbox 1099 653 1484 725; x_wconf 74' lang='lat' dir='ltr'><strong>congregavit:</strong></span> <span class='ocrx_word' id='word_1_45' title='bbox 1512 655 1566 710; x_wconf 90' lang='lat' dir='ltr'><strong>in</strong></span> <span class='ocrx_word' id='word_1_46' title='bbox 1590 673 1699 728; x_wconf 84' lang='lat' dir='ltr'><strong>qua</strong></span> <span class='ocrx_word' id='word_1_47' title='bbox 1729 659 1845 730; x_wconf 90' lang='lat' dir='ltr'><strong>ipse</strong></span> <span class='ocrx_word' id='word_1_48' title='bbox 1873 659 2130 732; x_wconf 80' lang='lat' dir='ltr'><strong>Beringe-</strong></span> 
     </span>
    </p>
   </div>
   <div class='ocr_carea' id='block_1_8' title="bbox 537 733 2129 824">
    <p class='ocr_par' dir='ltr' id='par_1_8' title="bbox 537 733 2129 824">
     <span class='ocr_line' id='line_1_8' title="bbox 537 733 2129 824; baseline 0.011 -32"><span class='ocrx_word' id='word_1_49' title='bbox 537 738 654 794; x_wconf 88' lang='lat' dir='ltr'><strong>rius</strong></span> <span class='ocrx_word' id='word_1_50' title='bbox 675 751 898 811; x_wconf 87' lang='lat' dir='ltr'><strong>accepta</strong></span> <span class='ocrx_word' id='word_1_51' title='bbox 930 744 1150 814; x_wconf 79' lang='lat' dir='ltr'><strong>optione</strong></span> <span class='ocrx_word' id='word_1_52' title='bbox 1172 733 1503 804; x_wconf 85' lang='lat' dir='ltr'><strong>defendendi</strong></span> <span class='ocrx_word' id='word_1_53' title='bbox 1523 765 1603 818; x_wconf 89' lang='lat' dir='ltr'><strong>se,</strong></span> <span class='ocrx_word' id='word_1_54' title='bbox 1632 767 1757 806; x_wconf 89' lang='lat' dir='ltr'><strong>cum</strong></span> <span class='ocrx_word' id='word_1_55' title='bbox 1807 768 1866 808; x_wconf 88' lang='lat' dir='ltr'><strong>se</strong></span> <span class='ocrx_word' id='word_1_56' title='bbox 1912 754 2129 824; x_wconf 75' lang='lat' dir='ltr'><strong>penitus</strong></span> 
     </span>
    </p>
   </div>
   <div class='ocr_carea' id='block_1_9' title="bbox 535 829 2128 917">
    <p class='ocr_par' dir='ltr' id='par_1_9' title="bbox 535 829 2128 917">
     <span class='ocr_line' id='line_1_9' title="bbox 535 829 2128 917; baseline 0.011 -33"><span class='ocrx_word' id='word_1_57' title='bbox 535 829 829 888; x_wconf 87' lang='lat' dir='ltr'><strong>defendere</strong></span> <span class='ocrx_word' id='word_1_58' title='bbox 858 849 968 890; x_wconf 94' lang='lat' dir='ltr'><strong>non</strong></span> <span class='ocrx_word' id='word_1_59' title='bbox 1020 845 1227 907; x_wconf 79' lang='lat' dir='ltr'><strong>posset,</strong></span> <span class='ocrx_word' id='word_1_60' title='bbox 1283 837 1387 894; x_wconf 87' lang='lat' dir='ltr'><strong>sub</strong></span> <span class='ocrx_word' id='word_1_61' title='bbox 1436 839 1796 911; x_wconf 74' lang='lat' dir='ltr'><strong>jurejurando</strong></span> <span class='ocrx_word' id='word_1_62' title='bbox 1851 845 2128 917; x_wconf 85' lang='lat' dir='ltr'><strong>propriam</strong></span> 
     </span>
    </p>
   </div>
   <div class='ocr_carea' id='block_1_10' title="bbox 535 921 2130 1013">
    <p class='ocr_par' dir='ltr' id='par_1_10' title="bbox 535 921 2130 1013">
     <span class='ocr_line' id='line_1_10' title="bbox 535 921 2130 1013; baseline 0.011 -36"><span class='ocrx_word' id='word_1_63' title='bbox 535 921 791 979; x_wconf 69' lang='lat' dir='ltr'><strong>hmresim</strong></span> <span class='ocrx_word' id='word_1_64' title='bbox 829 927 1399 997; x_wconf 82' lang='lat' dir='ltr'><strong>anathematizavit,et</strong></span> <span class='ocrx_word' id='word_1_65' title='bbox 1424 946 1773 990; x_wconf 86' lang='lat' dir='ltr'><strong>communem</strong></span> <span class='ocrx_word' id='word_1_66' title='bbox 1801 946 2004 1013; x_wconf 70' lang='lat' dir='ltr'><strong>sancta:</strong></span> <span class='ocrx_word' id='word_1_67' title='bbox 2032 937 2130 994; x_wconf 81' lang='lat' dir='ltr'><strong>Ec-</strong></span> 
     </span>
    </p>
   </div>
   <div class='ocr_carea' id='block_1_11' title="bbox 533 1012 2128 1098">
    <p class='ocr_par' dir='ltr' id='par_1_11' title="bbox 533 1012 2128 1098">
     <span class='ocr_line' id='line_1_11' title="bbox 533 1012 2128 1098; baseline 0.012 -31"><span class='ocrx_word' id='word_1_68' title='bbox 533 1012 716 1069; x_wconf 63' lang='lat' dir='ltr'><strong>clesia</strong></span> <span class='ocrx_word' id='word_1_69' title='bbox 737 1013 897 1071; x_wconf 83' lang='lat' dir='ltr'><strong>fidem</strong></span> <span class='ocrx_word' id='word_1_70' title='bbox 922 1017 989 1074; x_wconf 89' lang='lat' dir='ltr'><strong>de</strong></span> <span class='ocrx_word' id='word_1_71' title='bbox 1005 1019 1230 1076; x_wconf 80' lang='lat' dir='ltr'><strong>veritate</strong></span> <span class='ocrx_word' id='word_1_72' title='bbox 1250 1022 1498 1093; x_wconf 81' lang='lat' dir='ltr'><strong>corporis</strong></span> <span class='ocrx_word' id='word_1_73' title='bbox 1519 1032 1574 1078; x_wconf 91' lang='lat' dir='ltr'><strong>et</strong></span> <span class='ocrx_word' id='word_1_74' title='bbox 1600 1012 1882 1098; x_wconf 79' lang='lat' dir='ltr'><strong>sanguinis</strong></span> <span class='ocrx_word' id='word_1_75' title='bbox 1909 1027 2128 1086; x_wconf 89' lang='lat' dir='ltr'><strong>Domini</strong></span> 
     </span>
    </p>
   </div>
   <div class='ocr_carea' id='block_1_12' title="bbox 535 1107 2128 1195">
    <p class='ocr_par' dir='ltr' id='par_1_12' title="bbox 535 1107 2128 1195">
     <span class='ocr_line' id='line_1_12' title="bbox 535 1107 2128 1195; baseline 0.011 -34"><span class='ocrx_word' id='word_1_76' title='bbox 535 1122 597 1162; x_wconf 84' lang='lat' dir='ltr'><strong>se</strong></span> <span class='ocrx_word' id='word_1_77' title='bbox 625 1107 884 1180; x_wconf 88' lang='lat' dir='ltr'><strong>deinceps</strong></span> <span class='ocrx_word' id='word_1_78' title='bbox 908 1121 1255 1169; x_wconf 83' lang='lat' dir='ltr'><strong>servaturum</strong></span> <span class='ocrx_word' id='word_1_79' title='bbox 1285 1115 1388 1171; x_wconf 88' lang='lat' dir='ltr'><strong>sub</strong></span> <span class='ocrx_word' id='word_1_80' title='bbox 1413 1117 1604 1172; x_wconf 89' lang='lat' dir='ltr'><strong>eodem</strong></span> <span class='ocrx_word' id='word_1_81' title='bbox 1640 1118 1957 1189; x_wconf 89' lang='lat' dir='ltr'><strong>juramento</strong></span> <span class='ocrx_word' id='word_1_82' title='bbox 2000 1139 2128 1195; x_wconf 84' lang='lat' dir='ltr'><strong>pro-</strong></span> 
     </span>
    </p>
   </div>
   <div class='ocr_carea' id='block_1_13' title="bbox 533 1198 2014 1272">
    <p class='ocr_par' dir='ltr' id='par_1_13' title="bbox 533 1198 2014 1272">
     <span class='ocr_line' id='line_1_13' title="bbox 533 1198 2014 1272; baseline 0.013 -21"><span class='ocrx_word' id='word_1_83' title='bbox 533 1198 716 1266; x_wconf 86' lang='lat' dir='ltr'><strong>misit;</strong></span> <span class='ocrx_word' id='word_1_84' title='bbox 759 1200 884 1256; x_wconf 86' lang='lat' dir='ltr'><strong>licet</strong></span> <span class='ocrx_word' id='word_1_85' title='bbox 905 1212 1096 1272; x_wconf 90' lang='lat' dir='ltr'><strong>postea</strong></span> <span class='ocrx_word' id='word_1_86' title='bbox 1125 1205 1192 1260; x_wconf 94' lang='lat' dir='ltr'><strong>ad</strong></span> <span class='ocrx_word' id='word_1_87' title='bbox 1221 1207 1470 1262; x_wconf 83' lang='lat' dir='ltr'><strong>eamdem</strong></span> <span class='ocrx_word' id='word_1_88' title='bbox 1497 1207 1750 1265; x_wconf 67' lang='lat' dir='ltr'><strong>haeresim</strong></span> <span class='ocrx_word' id='word_1_89' title='bbox 1775 1212 2014 1270; x_wconf 77' lang='lat' dir='ltr'><strong>redierit.</strong></span> 
     </span>
    </p>
   </div>
   <div class='ocr_carea' id='block_1_14' title="bbox 601 1289 2128 1375">
    <p class='ocr_par' dir='ltr' id='par_1_14' title="bbox 601 1289 2128 1375">
     <span class='ocr_line' id='line_1_14' title="bbox 601 1289 2128 1375; baseline 0.013 -32"><span class='ocrx_word' id='word_1_90' title='bbox 601 1289 694 1346; x_wconf 79' lang='lat' dir='ltr'><strong>IV.</strong></span> <span class='ocrx_word' id='word_1_91' title='bbox 733 1289 992 1352; x_wconf 88' lang='lat' dir='ltr'><strong>Nicolaus</strong></span> <span class='ocrx_word' id='word_1_92' title='bbox 1011 1305 1194 1354; x_wconf 87' lang='lat' dir='ltr'><strong>autem</strong></span> <span class='ocrx_word' id='word_1_93' title='bbox 1225 1315 1364 1371; x_wconf 91' lang='lat' dir='ltr'><strong>papa</strong></span> <span class='ocrx_word' id='word_1_94' title='bbox 1387 1299 1563 1356; x_wconf 90' lang='lat' dir='ltr'><strong>eidem</strong></span> <span class='ocrx_word' id='word_1_95' title='bbox 1590 1300 1908 1375; x_wconf 82' lang='lat' dir='ltr'><strong>Beringerio</strong></span> <span class='ocrx_word' id='word_1_96' title='bbox 1938 1305 2128 1363; x_wconf 62' lang='lat' dir='ltr'><strong>Romae</strong></span> 
     </span>
    </p>
   </div>
   <div class='ocr_carea' id='block_1_15' title="bbox 531 1381 2126 1463">
    <p class='ocr_par' dir='ltr' id='par_1_15' title="bbox 531 1381 2126 1463">
     <span class='ocr_line' id='line_1_15' title="bbox 531 1381 2126 1463; baseline 0.011 -28"><span class='ocrx_word' id='word_1_97' title='bbox 531 1381 588 1436; x_wconf 88' lang='lat' dir='ltr'><strong>in</strong></span> <span class='ocrx_word' id='word_1_98' title='bbox 616 1385 856 1454; x_wconf 78' lang='lat' dir='ltr'><strong>generali</strong></span> <span class='ocrx_word' id='word_1_99' title='bbox 875 1389 1086 1459; x_wconf 83' lang='lat' dir='ltr'><strong>synodo</strong></span> <span class='ocrx_word' id='word_1_100' title='bbox 1109 1390 1292 1463; x_wconf 65' lang='grc'><strong>(1481)</strong></span> <span class='ocrx_word' id='word_1_101' title='bbox 1318 1391 1653 1448; x_wconf 86' lang='lat' dir='ltr'><strong>audientiam</strong></span> <span class='ocrx_word' id='word_1_102' title='bbox 1674 1395 1965 1463; x_wconf 92' lang='lat' dir='ltr'><strong>concessit,</strong></span> <span class='ocrx_word' id='word_1_103' title='bbox 1995 1413 2126 1453; x_wconf 91' lang='lat' dir='ltr'><strong>cau-</strong></span> 
     </span>
    </p>
   </div>
   <div class='ocr_carea' id='block_1_16' title="bbox 531 1478 2123 1565">
    <p class='ocr_par' dir='ltr' id='par_1_16' title="bbox 531 1478 2123 1565">
     <span class='ocr_line' id='line_1_16' title="bbox 531 1478 2123 1565; baseline 0.014 -38"><span class='ocrx_word' id='word_1_104' title='bbox 531 1489 763 1547; x_wconf 87' lang='lat' dir='ltr'><strong>samque</strong></span> <span class='ocrx_word' id='word_1_105' title='bbox 796 1478 917 1550; x_wconf 87' lang='lat' dir='ltr'><strong>ejus</strong></span> <span class='ocrx_word' id='word_1_106' title='bbox 955 1497 1080 1538; x_wconf 90' lang='lat' dir='ltr'><strong>cum</strong></span> <span class='ocrx_word' id='word_1_107' title='bbox 1121 1493 1340 1540; x_wconf 86' lang='lat' dir='ltr'><strong>centum</strong></span> <span class='ocrx_word' id='word_1_108' title='bbox 1379 1485 1640 1542; x_wconf 87' lang='lat' dir='ltr'><strong>tredecim</strong></span> <span class='ocrx_word' id='word_1_109' title='bbox 1687 1488 1960 1561; x_wconf 86' lang='lat' dir='ltr'><strong>episcopis</strong></span> <span class='ocrx_word' id='word_1_110' title='bbox 1992 1509 2123 1565; x_wconf 90' lang='lat' dir='ltr'><strong>syn-</strong></span> 
     </span>
    </p>
   </div>
   <div class='ocr_carea' id='block_1_17' title="bbox 531 1567 2124 1647">
    <p class='ocr_par' dir='ltr' id='par_1_17' title="bbox 531 1567 2124 1647">
     <span class='ocr_line' id='line_1_17' title="bbox 531 1567 2124 1647; baseline 0.014 -30"><span class='ocrx_word' id='word_1_111' title='bbox 531 1567 678 1622; x_wconf 87' lang='lat' dir='ltr'><strong>odali</strong></span> <span class='ocrx_word' id='word_1_112' title='bbox 702 1568 914 1638; x_wconf 86' lang='lat' dir='ltr'><strong>judicio</strong></span> <span class='ocrx_word' id='word_1_113' title='bbox 939 1573 1240 1630; x_wconf 88' lang='lat' dir='ltr'><strong>ventilavit.</strong></span> <span class='ocrx_word' id='word_1_114' title='bbox 1276 1574 1380 1630; x_wconf 89' lang='lat' dir='ltr'><strong>Sed</strong></span> <span class='ocrx_word' id='word_1_115' title='bbox 1411 1575 1742 1647; x_wconf 62' lang='lat' dir='ltr'><strong>illeﬁiterum,</strong></span> <span class='ocrx_word' id='word_1_116' title='bbox 1769 1595 1894 1636; x_wconf 92' lang='lat' dir='ltr'><strong>cum</strong></span> <span class='ocrx_word' id='word_1_117' title='bbox 1919 1591 2124 1639; x_wconf 88' lang='lat' dir='ltr'><strong>sectam</strong></span> 
     </span>
    </p>
   </div>
   <div class='ocr_carea' id='block_1_18' title="bbox 531 1660 2125 1745">
    <p class='ocr_par' dir='ltr' id='par_1_18' title="bbox 531 1660 2125 1745">
     <span class='ocr_line' id='line_1_18' title="bbox 531 1660 2125 1745; baseline 0.011 -32"><span class='ocrx_word' id='word_1_118' title='bbox 531 1675 689 1715; x_wconf 84' lang='lat' dir='ltr'><strong>suam</strong></span> <span class='ocrx_word' id='word_1_119' title='bbox 716 1660 1007 1720; x_wconf 87' lang='lat' dir='ltr'><strong>defendere</strong></span> <span class='ocrx_word' id='word_1_120' title='bbox 1029 1682 1137 1722; x_wconf 90' lang='lat' dir='ltr'><strong>non</strong></span> <span class='ocrx_word' id='word_1_121' title='bbox 1171 1666 1396 1735; x_wconf 86' lang='lat' dir='ltr'><strong>valeret,</strong></span> <span class='ocrx_word' id='word_1_122' title='bbox 1417 1668 1636 1724; x_wconf 83' lang='lat' dir='ltr'><strong>tandem</strong></span> <span class='ocrx_word' id='word_1_123' title='bbox 1659 1672 1819 1740; x_wconf 91' lang='lat' dir='ltr'><strong>quasi</strong></span> <span class='ocrx_word' id='word_1_124' title='bbox 1841 1683 2125 1745; x_wconf 90' lang='lat' dir='ltr'><strong>correptus</strong></span> 
     </span>
    </p>
   </div>
   <div class='ocr_carea' id='block_1_19' title="bbox 2232 475 3836 549">
    <p class='ocr_par' dir='ltr' id='par_1_19' title="bbox 2232 475 3836 549">
     <span class='ocr_line' id='line_1_19' title="bbox 2232 475 3836 549; baseline -0.001 -16"><span class='ocrx_word' id='word_1_125' title='bbox 2232 494 2653 549; x_wconf 68' lang='lat' dir='ltr'><strong>praesumpsere,</strong></span> <span class='ocrx_word' id='word_1_126' title='bbox 2682 495 2954 536; x_wconf 86' lang='lat' dir='ltr'><strong>canonum</strong></span> <span class='ocrx_word' id='word_1_127' title='bbox 2989 479 3262 536; x_wconf 89' lang='lat' dir='ltr'><strong>severitati</strong></span> <span class='ocrx_word' id='word_1_128' title='bbox 3287 479 3629 548; x_wconf 87' lang='lat' dir='ltr'><strong>subjaceam.</strong></span> <span class='ocrx_word' id='word_1_129' title='bbox 3666 475 3836 532; x_wconf 65' lang='lat' dir='ltr'><strong>lecto</strong></span> 
     </span>
    </p>
   </div>
   <div class='ocr_carea' id='block_1_20' title="bbox 2231 570 3832 643">
    <p class='ocr_par' dir='ltr' id='par_1_20' title="bbox 2231 570 3832 643">
     <span class='ocr_line' id='line_1_20' title="bbox 2231 570 3832 643; baseline 0 -19"><span class='ocrx_word' id='word_1_130' title='bbox 2231 579 2283 625; x_wconf 90' lang='lat' dir='ltr'><strong>et</strong></span> <span class='ocrx_word' id='word_1_131' title='bbox 2307 571 2548 640; x_wconf 87' lang='lat' dir='ltr'><strong>perlecto</strong></span> <span class='ocrx_word' id='word_1_132' title='bbox 2571 581 2765 643; x_wconf 89' lang='lat' dir='ltr'><strong>sponte</strong></span> <span class='ocrx_word' id='word_1_133' title='bbox 2775 571 3074 643; x_wconf 88' lang='lat' dir='ltr'><strong>subscripsi</strong></span> <span class='ocrx_word' id='word_1_134' title='bbox 3098 571 3304 643; x_wconf 68' lang='grc'><strong>(1182).</strong></span> <span class='ocrx_word' id='word_1_135' title='bbox 3325 570 3620 638; x_wconf 67' lang='lat' dir='ltr'><strong>pFormam</strong></span> <span class='ocrx_word' id='word_1_136' title='bbox 3646 577 3832 624; x_wconf 83' lang='lat' dir='ltr'><strong>autem</strong></span> 
     </span>
    </p>
   </div>
   <div class='ocr_carea' id='block_1_21' title="bbox 2232 661 3832 734">
    <p class='ocr_par' dir='ltr' id='par_1_21' title="bbox 2232 661 3832 734">
     <span class='ocr_line' id='line_1_21' title="bbox 2232 661 3832 734; baseline -0.002 -17"><span class='ocrx_word' id='word_1_137' title='bbox 2232 662 2398 734; x_wconf 90' lang='lat' dir='ltr'><strong>hujus</strong></span> <span class='ocrx_word' id='word_1_138' title='bbox 2417 663 2716 734; x_wconf 89' lang='lat' dir='ltr'><strong>juramenti</strong></span> <span class='ocrx_word' id='word_1_139' title='bbox 2741 671 2796 719; x_wconf 89' lang='lat' dir='ltr'><strong>et</strong></span> <span class='ocrx_word' id='word_1_140' title='bbox 2817 664 3184 719; x_wconf 78' lang='lat' dir='ltr'><strong>anatliematis</strong></span> <span class='ocrx_word' id='word_1_141' title='bbox 3208 663 3284 718; x_wconf 90' lang='lat' dir='ltr'><strong>ita</strong></span> <span class='ocrx_word' id='word_1_142' title='bbox 3313 672 3504 719; x_wconf 87' lang='lat' dir='ltr'><strong>sancta</strong></span> <span class='ocrx_word' id='word_1_143' title='bbox 3549 661 3832 733; x_wconf 81' lang='lat' dir='ltr'><strong>Ephesina</strong></span> 
     </span>
    </p>
   </div>
   <div class='ocr_carea' id='block_1_22' title="bbox 2231 750 3833 824">
    <p class='ocr_par' dir='ltr' id='par_1_22' title="bbox 2231 750 3833 824">
     <span class='ocr_line' id='line_1_22' title="bbox 2231 750 3833 824; baseline -0.002 -16"><span class='ocrx_word' id='word_1_144' title='bbox 2231 753 2474 824; x_wconf 85' lang='lat' dir='ltr'><strong>synodus</strong></span> <span class='ocrx_word' id='word_1_145' title='bbox 2501 755 2838 824; x_wconf 87' lang='lat' dir='ltr'><strong>quibuslibet</strong></span> <span class='ocrx_word' id='word_1_146' title='bbox 2849 755 3166 811; x_wconf 84' lang='lat' dir='ltr'><strong>abdicandis</strong></span> <span class='ocrx_word' id='word_1_147' title='bbox 3185 753 3491 810; x_wconf 70' lang='lat' dir='ltr'><strong>haeresibus</strong></span> <span class='ocrx_word' id='word_1_148' title='bbox 3500 753 3746 824; x_wconf 83' lang='lat' dir='ltr'><strong>capitulo</strong></span> <span class='ocrx_word' id='word_1_149' title='bbox 3765 750 3833 805; x_wconf 76' lang='lat' dir='ltr'><strong>l5</strong></span> 
     </span>
    </p>
   </div>
   <div class='ocr_carea' id='block_1_23' title="bbox 2229 844 3827 918">
    <p class='ocr_par' dir='ltr' id='par_1_23' title="bbox 2229 844 3827 918">
     <span class='ocr_line' id='line_1_23' title="bbox 2229 844 3827 918; baseline -0.001 -18"><span class='ocrx_word' id='word_1_150' title='bbox 2229 846 2582 918; x_wconf 82' lang='lat' dir='ltr'><strong>praescripsit,</strong></span> <span class='ocrx_word' id='word_1_151' title='bbox 2619 855 2675 902; x_wconf 93' lang='lat' dir='ltr'><strong>et</strong></span> <span class='ocrx_word' id='word_1_152' title='bbox 2694 848 2762 904; x_wconf 91' lang='lat' dir='ltr'><strong>de</strong></span> <span class='ocrx_word' id='word_1_153' title='bbox 2786 847 2984 904; x_wconf 82' lang='lat' dir='ltr'><strong>haeresi</strong></span> <span class='ocrx_word' id='word_1_154' title='bbox 3012 847 3308 902; x_wconf 89' lang='lat' dir='ltr'><strong>infamatos</strong></span> <span class='ocrx_word' id='word_1_155' title='bbox 3339 846 3562 901; x_wconf 83' lang='lat' dir='ltr'><strong>nonnisi</strong></span> <span class='ocrx_word' id='word_1_156' title='bbox 3589 861 3690 916; x_wconf 88' lang='lat' dir='ltr'><strong>per</strong></span> <span class='ocrx_word' id='word_1_157' title='bbox 3717 844 3827 899; x_wconf 86' lang='lat' dir='ltr'><strong>hu-</strong></span> 
     </span>
    </p>
   </div>
   <div class='ocr_carea' id='block_1_24' title="bbox 2223 937 3825 1010">
    <p class='ocr_par' dir='ltr' id='par_1_24' title="bbox 2223 937 3825 1010">
     <span class='ocr_line' id='line_1_24' title="bbox 2223 937 3825 1010; baseline -0.001 -18"><span class='ocrx_word' id='word_1_158' title='bbox 2223 937 2468 1006; x_wconf 89' lang='lat' dir='ltr'><strong>jusmodi</strong></span> <span class='ocrx_word' id='word_1_159' title='bbox 2489 939 2889 995; x_wconf 86' lang='lat' dir='ltr'><strong>abdicationem</strong></span> <span class='ocrx_word' id='word_1_160' title='bbox 2921 940 3144 996; x_wconf 65' lang='lat' dir='ltr'><strong>haeresis</strong></span> <span class='ocrx_word' id='word_1_161' title='bbox 3175 937 3468 1010; x_wconf 77' lang='lat' dir='ltr'><strong>expurgari</strong></span> <span class='ocrx_word' id='word_1_162' title='bbox 3494 937 3698 994; x_wconf 83' lang='lat' dir='ltr'><strong>debere</strong></span> <span class='ocrx_word' id='word_1_163' title='bbox 3726 937 3825 992; x_wconf 85' lang='lat' dir='ltr'><strong>de-</strong></span> 
     </span>
    </p>
   </div>
   <div class='ocr_carea' id='block_1_25' title="bbox 2229 1018 3826 1104">
    <p class='ocr_par' dir='ltr' id='par_1_25' title="bbox 2229 1018 3826 1104">
     <span class='ocr_line' id='line_1_25' title="bbox 2229 1018 3826 1104; baseline 0 -20"><span class='ocrx_word' id='word_1_164' title='bbox 2229 1018 2400 1085; x_wconf 80' lang='lat' dir='ltr'><strong>crevit</strong></span> <span class='ocrx_word' id='word_1_165' title='bbox 2433 1049 2447 1086; x_wconf 87' lang='lat'><strong>:</strong></span> <span class='ocrx_word' id='word_1_166' title='bbox 2479 1031 2623 1088; x_wconf 90' lang='lat' dir='ltr'><strong>unde</strong></span> <span class='ocrx_word' id='word_1_167' title='bbox 2647 1041 2702 1088; x_wconf 90' lang='lat' dir='ltr'><strong>et</strong></span> <span class='ocrx_word' id='word_1_168' title='bbox 2721 1048 2753 1088; x_wconf 88' lang='lat' dir='ltr'><strong>a</strong></span> <span class='ocrx_word' id='word_1_169' title='bbox 2778 1030 3093 1104; x_wconf 82' lang='lat' dir='ltr'><strong>Beringerio</strong></span> <span class='ocrx_word' id='word_1_170' title='bbox 3116 1031 3276 1088; x_wconf 82' lang='lat' dir='ltr'><strong>talem</strong></span> <span class='ocrx_word' id='word_1_171' title='bbox 3303 1038 3630 1102; x_wconf 82' lang='lat' dir='ltr'><strong>receperunt</strong></span> <span class='ocrx_word' id='word_1_172' title='bbox 3657 1028 3826 1085; x_wconf 67' lang='lat' dir='ltr'><strong>satiso</strong></span> 
     </span>
    </p>
   </div>
   <div class='ocr_carea' id='block_1_26' title="bbox 2228 1119 2544 1180">
    <p class='ocr_par' dir='ltr' id='par_1_26' title="bbox 2228 1119 2544 1180">
     <span class='ocr_line' id='line_1_26' title="bbox 2228 1119 2544 1180; baseline 0.013 -4"><span class='ocrx_word' id='word_1_173' title='bbox 2228 1119 2544 1180; x_wconf 86' lang='lat' dir='ltr'><strong>factionem.</strong></span> 
     </span>
    </p>
   </div>
   <div class='ocr_carea' id='block_1_27' title="bbox 2297 1210 3826 1288">
    <p class='ocr_par' dir='ltr' id='par_1_27' title="bbox 2297 1210 3826 1288">
     <span class='ocr_line' id='line_1_27' title="bbox 2297 1210 3826 1288; baseline 0.003 -21"><span class='ocrx_word' id='word_1_174' title='bbox 2297 1211 2388 1268; x_wconf 82' lang='lat' dir='ltr'><strong>Vl.</strong></span> <span class='ocrx_word' id='word_1_175' title='bbox 2453 1213 2606 1270; x_wconf 85' lang='lat' dir='ltr'><strong>Hanc</strong></span> <span class='ocrx_word' id='word_1_176' title='bbox 2663 1214 2993 1286; x_wconf 90' lang='lat' dir='ltr'><strong>juratoriam</strong></span> <span class='ocrx_word' id='word_1_177' title='bbox 3055 1215 3454 1288; x_wconf 87' lang='lat' dir='ltr'><strong>professionem</strong></span> <span class='ocrx_word' id='word_1_178' title='bbox 3518 1210 3826 1284; x_wconf 69' lang='lat' dir='ltr'><strong>Beringeﬁi</strong></span> 
     </span>
    </p>
   </div>
   <div class='ocr_carea' id='block_1_28' title="bbox 2227 1303 3826 1382">
    <p class='ocr_par' dir='ltr' id='par_1_28' title="bbox 2227 1303 3826 1382">
     <span class='ocr_line' id='line_1_28' title="bbox 2227 1303 3826 1382; baseline -0.001 -22"><span class='ocrx_word' id='word_1_179' title='bbox 2227 1303 2464 1361; x_wconf 90' lang='lat' dir='ltr'><strong>domnus</strong></span> <span class='ocrx_word' id='word_1_180' title='bbox 2498 1323 2637 1378; x_wconf 84' lang='lat' dir='ltr'><strong>papa</strong></span> <span class='ocrx_word' id='word_1_181' title='bbox 2672 1307 2929 1366; x_wconf 77' lang='lat' dir='ltr'><strong>Nicolaus</strong></span> <span class='ocrx_word' id='word_1_182' title='bbox 2953 1309 3136 1366; x_wconf 85' lang='lat' dir='ltr'><strong>statim</strong></span> <span class='ocrx_word' id='word_1_183' title='bbox 3174 1326 3273 1382; x_wconf 91' lang='lat' dir='ltr'><strong>per</strong></span> <span class='ocrx_word' id='word_1_184' title='bbox 3306 1309 3524 1366; x_wconf 84' lang='lat' dir='ltr'><strong>diversa</strong></span> <span class='ocrx_word' id='word_1_185' title='bbox 3556 1305 3826 1362; x_wconf 82' lang='lat' dir='ltr'><strong>transmi-</strong></span> 
     </span>
    </p>
   </div>
   <div class='ocr_carea' id='block_1_29' title="bbox 2228 1396 3827 1474">
    <p class='ocr_par' dir='ltr' id='par_1_29' title="bbox 2228 1396 3827 1474">
     <span class='ocr_line' id='line_1_29' title="bbox 2228 1396 3827 1474; baseline 0.002 -24"><span class='ocrx_word' id='word_1_186' title='bbox 2228 1396 2299 1451; x_wconf 91' lang='lat' dir='ltr'><strong>sit</strong></span> <span class='ocrx_word' id='word_1_187' title='bbox 2321 1411 2506 1468; x_wconf 76' lang='lat' dir='ltr'><strong>regna,</strong></span> <span class='ocrx_word' id='word_1_188' title='bbox 2527 1407 2587 1453; x_wconf 91' lang='lat' dir='ltr'><strong>ut</strong></span> <span class='ocrx_word' id='word_1_189' title='bbox 2608 1413 2799 1456; x_wconf 89' lang='lat' dir='ltr'><strong>omnes</strong></span> <span class='ocrx_word' id='word_1_190' title='bbox 2821 1399 2934 1456; x_wconf 90' lang='lat' dir='ltr'><strong>Deo</strong></span> <span class='ocrx_word' id='word_1_191' title='bbox 2955 1401 3158 1474; x_wconf 74' lang='lat' dir='ltr'><strong>gratias</strong></span> <span class='ocrx_word' id='word_1_192' title='bbox 3179 1409 3404 1473; x_wconf 79' lang='lat' dir='ltr'><strong>agerent</strong></span> <span class='ocrx_word' id='word_1_193' title='bbox 3421 1415 3524 1471; x_wconf 89' lang='lat' dir='ltr'><strong>pro</strong></span> <span class='ocrx_word' id='word_1_194' title='bbox 3549 1398 3676 1469; x_wconf 85' lang='lat' dir='ltr'><strong>ejus</strong></span> <span class='ocrx_word' id='word_1_195' title='bbox 3693 1413 3827 1453; x_wconf 81' lang='lat' dir='ltr'><strong>eon-</strong></span> 
     </span>
    </p>
   </div>
   <div class='ocr_carea' id='block_1_30' title="bbox 2225 1490 3827 1564">
    <p class='ocr_par' dir='ltr' id='par_1_30' title="bbox 2225 1490 3827 1564">
     <span class='ocr_line' id='line_1_30' title="bbox 2225 1490 3827 1564; baseline 0.002 -22"><span class='ocrx_word' id='word_1_196' title='bbox 2225 1490 2498 1558; x_wconf 86' lang='lat' dir='ltr'><strong>versione,</strong></span> <span class='ocrx_word' id='word_1_197' title='bbox 2526 1492 2789 1562; x_wconf 64' lang='lat' dir='ltr'><strong>quoniam</strong></span> <span class='ocrx_word' id='word_1_198' title='bbox 2821 1493 3032 1564; x_wconf 85' lang='lat' dir='ltr'><strong>pridem</strong></span> <span class='ocrx_word' id='word_1_199' title='bbox 3062 1495 3296 1550; x_wconf 89' lang='lat' dir='ltr'><strong>multum</strong></span> <span class='ocrx_word' id='word_1_200' title='bbox 3319 1491 3686 1549; x_wconf 77' lang='lat' dir='ltr'><strong>scandalizati</strong></span> <span class='ocrx_word' id='word_1_201' title='bbox 3700 1500 3827 1546; x_wconf 81' lang='lat' dir='ltr'><strong>sunt</strong></span> 
     </span>
    </p>
   </div>
   <div class='ocr_carea' id='block_1_31' title="bbox 2225 1583 3824 1659">
    <p class='ocr_par' dir='ltr' id='par_1_31' title="bbox 2225 1583 3824 1659">
     <span class='ocr_line' id='line_1_31' title="bbox 2225 1583 3824 1659; baseline -0.001 -21"><span class='ocrx_word' id='word_1_202' title='bbox 2225 1583 2292 1638; x_wconf 89' lang='lat' dir='ltr'><strong>de</strong></span> <span class='ocrx_word' id='word_1_203' title='bbox 2319 1583 2440 1653; x_wconf 83' lang='lat' dir='ltr'><strong>ejus</strong></span> <span class='ocrx_word' id='word_1_204' title='bbox 2469 1585 2774 1641; x_wconf 84' lang='lat' dir='ltr'><strong>aversione.</strong></span> <span class='ocrx_word' id='word_1_205' title='bbox 2821 1585 2929 1642; x_wconf 81' lang='lat' dir='ltr'><strong>Sed</strong></span> <span class='ocrx_word' id='word_1_206' title='bbox 2976 1585 3330 1659; x_wconf 83' lang='lat' dir='ltr'><strong>Beringerius</strong></span> <span class='ocrx_word' id='word_1_207' title='bbox 3385 1601 3540 1640; x_wconf 82' lang='lat' dir='ltr'><strong>more</strong></span> <span class='ocrx_word' id='word_1_208' title='bbox 3599 1599 3707 1640; x_wconf 90' lang='lat' dir='ltr'><strong>suo</strong></span> <span class='ocrx_word' id='word_1_209' title='bbox 3759 1583 3824 1637; x_wconf 80' lang='lat' dir='ltr'><strong>ad</strong></span> 
     </span>
    </p>
   </div>
   <div class='ocr_carea' id='block_1_32' title="bbox 2227 1675 3826 1746">
    <p class='ocr_par' dir='ltr' id='par_1_32' title="bbox 2227 1675 3826 1746">
     <span class='ocr_line' id='line_1_32' title="bbox 2227 1675 3826 1746; baseline 0.001 -18"><span class='ocrx_word' id='word_1_210' title='bbox 2227 1675 2510 1746; x_wconf 91' lang='lat' dir='ltr'><strong>proprium</strong></span> <span class='ocrx_word' id='word_1_211' title='bbox 2534 1677 2798 1733; x_wconf 75' lang='lat' dir='ltr'><strong>vomitum</strong></span> <span class='ocrx_word' id='word_1_212' title='bbox 2824 1679 3005 1734; x_wconf 86' lang='lat' dir='ltr'><strong>redire</strong></span> <span class='ocrx_word' id='word_1_213' title='bbox 3028 1695 3138 1734; x_wconf 92' lang='lat' dir='ltr'><strong>non</strong></span> <span class='ocrx_word' id='word_1_214' title='bbox 3165 1679 3366 1744; x_wconf 90' lang='lat' dir='ltr'><strong>timuit,</strong></span> <span class='ocrx_word' id='word_1_215' title='bbox 3383 1686 3439 1733; x_wconf 88' lang='lat' dir='ltr'><strong>et</strong></span> <span class='ocrx_word' id='word_1_216' title='bbox 3460 1677 3611 1732; x_wconf 84' lang='lat' dir='ltr'><strong>ultra</strong></span> <span class='ocrx_word' id='word_1_217' title='bbox 3635 1689 3826 1730; x_wconf 82' lang='lat' dir='ltr'><strong>omnes</strong></span> 
     </span>
    </p>
   </div>
   <div class='ocr_carea' id='block_1_33' title="bbox 527 1742 3823 1844">
    <p class='ocr_par' dir='ltr' id='par_1_33' title="bbox 527 1742 3823 1844">
     <span class='ocr_line' id='line_1_33' title="bbox 527 1742 3823 1844; baseline 0.005 -39"><span class='ocrx_word' id='word_1_218' title='bbox 527 1749 702 1807; x_wconf 91' lang='lat' dir='ltr'><strong>libros</strong></span> <span class='ocrx_word' id='word_1_219' title='bbox 726 1755 960 1825; x_wconf 73' lang='lat' dir='ltr'><strong>propria:</strong></span> <span class='ocrx_word' id='word_1_220' title='bbox 980 1757 1253 1815; x_wconf 73' lang='lat' dir='ltr'><strong>luereseos</strong></span> <span class='ocrx_word' id='word_1_221' title='bbox 1282 1759 1338 1814; x_wconf 92' lang='lat' dir='ltr'><strong>in</strong></span> <span class='ocrx_word' id='word_1_222' title='bbox 1361 1752 1658 1830; x_wconf 83' lang='lat' dir='ltr'><strong>conspectu</strong></span> <span class='ocrx_word' id='word_1_223' title='bbox 1679 1761 1868 1818; x_wconf 86' lang='lat' dir='ltr'><strong>domui</strong></span> <span class='ocrx_word' id='word_1_224' title='bbox 1905 1742 2128 1836; x_wconf 80' lang='lat' dir='ltr'><strong>aposto-</strong></span> <span class='ocrx_word' id='word_1_225' title='bbox 2161 1742 2202 1796; x_wconf 72' lang='grc' dir='ltr'><strong><em>Β</em></strong></span> <span class='ocrx_word' id='word_1_226' title='bbox 2227 1766 2531 1835; x_wconf 76' lang='lat' dir='ltr'><strong>luereticos,</strong></span> <span class='ocrx_word' id='word_1_227' title='bbox 2555 1767 2834 1826; x_wconf 86' lang='lat' dir='ltr'><strong>Romanos</strong></span> <span class='ocrx_word' id='word_1_228' title='bbox 2855 1771 3144 1841; x_wconf 39' lang='lat' dir='ltr'><strong>pontifices,</strong></span> <span class='ocrx_word' id='word_1_229' title='bbox 3157 1779 3211 1826; x_wconf 85' lang='lat' dir='ltr'><strong>et</strong></span> <span class='ocrx_word' id='word_1_230' title='bbox 3236 1778 3486 1844; x_wconf 84' lang='lat' dir='ltr'><strong>sanctam</strong></span> <span class='ocrx_word' id='word_1_231' title='bbox 3515 1766 3823 1822; x_wconf 72' lang='lat' dir='ltr'><strong>Romanam</strong></span> 
     </span>
    </p>
   </div>
   <div class='ocr_carea' id='block_1_34' title="bbox 527 1844 2126 1925">
    <p class='ocr_par' dir='ltr' id='par_1_34' title="bbox 527 1844 2126 1925">
     <span class='ocr_line' id='line_1_34' title="bbox 527 1844 2126 1925; baseline 0.008 -26"><span class='ocrx_word' id='word_1_232' title='bbox 527 1844 623 1925; x_wconf 88' lang='lat' dir='ltr'><strong>lici</strong></span> <span class='ocrx_word' id='word_1_233' title='bbox 649 1853 704 1901; x_wconf 93' lang='lat' dir='ltr'><strong>et</strong></span> <span class='ocrx_word' id='word_1_234' title='bbox 730 1848 900 1904; x_wconf 90' lang='lat' dir='ltr'><strong>totius</strong></span> <span class='ocrx_word' id='word_1_235' title='bbox 931 1850 1122 1922; x_wconf 85' lang='lat' dir='ltr'><strong>synodi</strong></span> <span class='ocrx_word' id='word_1_236' title='bbox 1164 1868 1330 1908; x_wconf 88' lang='lat' dir='ltr'><strong>manu</strong></span> <span class='ocrx_word' id='word_1_237' title='bbox 1379 1853 1603 1924; x_wconf 88' lang='lat' dir='ltr'><strong>pr0pria</strong></span> <span class='ocrx_word' id='word_1_238' title='bbox 1647 1856 2038 1924; x_wconf 90' lang='lat' dir='ltr'><strong>concremavit,</strong></span> <span class='ocrx_word' id='word_1_239' title='bbox 2071 1865 2126 1911; x_wconf 92' lang='lat' dir='ltr'><strong>et</strong></span> 
     </span>
    </p>
   </div>
   <div class='ocr_carea' id='block_1_35' title="bbox 469 1939 2123 2017">
    <p class='ocr_par' dir='ltr' id='par_1_35' title="bbox 469 1939 2123 2017">
     <span class='ocr_line' id='line_1_35' title="bbox 469 1939 2123 2017; baseline 0.006 -25"><span class='ocrx_word' id='word_1_240' title='bbox 469 1969 477 1975; x_wconf 92' lang='lat'><strong>-</strong></span> <span class='ocrx_word' id='word_1_241' title='bbox 529 1953 718 1995; x_wconf 85' lang='lat' dir='ltr'><strong>errore</strong></span> <span class='ocrx_word' id='word_1_242' title='bbox 747 1939 1014 2012; x_wconf 81' lang='lat' dir='ltr'><strong>abnegato</strong></span> <span class='ocrx_word' id='word_1_243' title='bbox 1035 1943 1362 2000; x_wconf 87' lang='lat' dir='ltr'><strong>catholicam</strong></span> <span class='ocrx_word' id='word_1_244' title='bbox 1399 1941 1818 2015; x_wconf 86' lang='lat' dir='ltr'><strong>professionem,</strong></span> <span class='ocrx_word' id='word_1_245' title='bbox 1851 1961 2016 2017; x_wconf 84' lang='lat' dir='ltr'><strong>quam</strong></span> <span class='ocrx_word' id='word_1_246' title='bbox 2067 1947 2123 2002; x_wconf 90' lang='lat' dir='ltr'><strong>in</strong></span> 
     </span>
    </p>
   </div>
   <div class='ocr_carea' id='block_1_36' title="bbox 529 2026 2124 2108">
    <p class='ocr_par' dir='ltr' id='par_1_36' title="bbox 529 2026 2124 2108">
     <span class='ocr_line' id='line_1_36' title="bbox 529 2026 2124 2108; baseline 0.007 -25"><span class='ocrx_word' id='word_1_247' title='bbox 529 2026 840 2088; x_wconf 87' lang='lat' dir='ltr'><strong>Turonensi</strong></span> <span class='ocrx_word' id='word_1_248' title='bbox 865 2033 1100 2089; x_wconf 90' lang='lat' dir='ltr'><strong>concilio</strong></span> <span class='ocrx_word' id='word_1_249' title='bbox 1127 2033 1350 2102; x_wconf 83' lang='lat' dir='ltr'><strong>fecerat,</strong></span> <span class='ocrx_word' id='word_1_250' title='bbox 1375 2035 1480 2092; x_wconf 91' lang='lat' dir='ltr'><strong>sub</strong></span> <span class='ocrx_word' id='word_1_251' title='bbox 1520 2035 1882 2108; x_wconf 87' lang='lat' dir='ltr'><strong>jurejurando</strong></span> <span class='ocrx_word' id='word_1_252' title='bbox 1923 2037 2124 2094; x_wconf 88' lang='lat' dir='ltr'><strong>iterum</strong></span> 
     </span>
    </p>
   </div>
   <div class='ocr_carea' id='block_1_37' title="bbox 527 2123 1376 2196">
    <p class='ocr_par' dir='ltr' id='par_1_37' title="bbox 527 2123 1376 2196">
     <span class='ocr_line' id='line_1_37' title="bbox 527 2123 1376 2196; baseline 0.009 -21"><span class='ocrx_word' id='word_1_253' title='bbox 527 2123 832 2189; x_wconf 87' lang='lat' dir='ltr'><strong>renovavit,</strong></span> <span class='ocrx_word' id='word_1_254' title='bbox 863 2123 938 2178; x_wconf 89' lang='lat' dir='ltr'><strong>ita</strong></span> <span class='ocrx_word' id='word_1_255' title='bbox 969 2127 1333 2196; x_wconf 85' lang='lat' dir='ltr'><strong>pronuntians</strong></span> <span class='ocrx_word' id='word_1_256' title='bbox 1363 2147 1376 2183; x_wconf 92' lang='lat'><strong>:</strong></span> 
     </span>
    </p>
   </div>
   <div class='ocr_carea' id='block_1_38' title="bbox 600 2213 2124 2292">
    <p class='ocr_par' dir='ltr' id='par_1_38' title="bbox 600 2213 2124 2292">
     <span class='ocr_line' id='line_1_38' title="bbox 600 2213 2124 2292; baseline 0.009 -25"><span class='ocrx_word' id='word_1_257' title='bbox 600 2213 664 2270; x_wconf 84' lang='lat' dir='ltr'><strong>V.</strong></span> <span class='ocrx_word' id='word_1_258' title='bbox 713 2235 733 2268; x_wconf 71' lang='grc' dir='ltr'><strong>ε</strong></span> <span class='ocrx_word' id='word_1_259' title='bbox 779 2215 893 2288; x_wconf 78' lang='lat' dir='ltr'><strong>Ego</strong></span> <span class='ocrx_word' id='word_1_260' title='bbox 922 2215 1269 2290; x_wconf 85' lang='lat' dir='ltr'><strong>Beringerius</strong></span> <span class='ocrx_word' id='word_1_261' title='bbox 1299 2219 1556 2292; x_wconf 80' lang='lat' dir='ltr'><strong>indignus</strong></span> <span class='ocrx_word' id='word_1_262' title='bbox 1585 2220 1852 2279; x_wconf 89' lang='lat' dir='ltr'><strong>diaconus</strong></span> <span class='ocrx_word' id='word_1_263' title='bbox 1877 2222 2124 2280; x_wconf 69' lang='lat' dir='ltr'><strong>ecclesiae</strong></span> 
     </span>
    </p>
   </div>
   <div class='ocr_carea' id='block_1_39' title="bbox 530 2302 2122 2382">
    <p class='ocr_par' dir='ltr' id='par_1_39' title="bbox 530 2302 2122 2382">
     <span class='ocr_line' id='line_1_39' title="bbox 530 2302 2122 2382; baseline 0.007 -24"><span class='ocrx_word' id='word_1_264' title='bbox 530 2302 588 2358; x_wconf 85' lang='lat' dir='ltr'><strong>S.</strong></span> <span class='ocrx_word' id='word_1_265' title='bbox 614 2303 853 2360; x_wconf 77' lang='lat' dir='ltr'><strong>Mauritii</strong></span> <span class='ocrx_word' id='word_1_266' title='bbox 888 2305 1319 2380; x_wconf 81' lang='lat' dir='ltr'><strong>Andegavensis,</strong></span> <span class='ocrx_word' id='word_1_267' title='bbox 1346 2326 1686 2382; x_wconf 77' lang='lat' dir='ltr'><strong>cognoscens</strong></span> <span class='ocrx_word' id='word_1_268' title='bbox 1713 2328 1904 2368; x_wconf 88' lang='lat' dir='ltr'><strong>veram</strong></span> <span class='ocrx_word' id='word_1_269' title='bbox 1929 2315 2122 2370; x_wconf 89' lang='lat' dir='ltr'><strong>catho-</strong></span> 
     </span>
    </p>
   </div>
   <div class='ocr_carea' id='block_1_40' title="bbox 527 2393 2121 2468">
    <p class='ocr_par' dir='ltr' id='par_1_40' title="bbox 527 2393 2121 2468">
     <span class='ocr_line' id='line_1_40' title="bbox 527 2393 2121 2468; baseline 0.009 -21"><span class='ocrx_word' id='word_1_270' title='bbox 527 2393 690 2448; x_wconf 84' lang='lat' dir='ltr'><strong>licam</strong></span> <span class='ocrx_word' id='word_1_271' title='bbox 735 2406 790 2450; x_wconf 93' lang='lat' dir='ltr'><strong>ct</strong></span> <span class='ocrx_word' id='word_1_272' title='bbox 813 2399 1170 2467; x_wconf 87' lang='lat' dir='ltr'><strong>apostolicam</strong></span> <span class='ocrx_word' id='word_1_273' title='bbox 1201 2399 1392 2468; x_wconf 84' lang='lat' dir='ltr'><strong>fidem,</strong></span> <span class='ocrx_word' id='word_1_274' title='bbox 1437 2403 1844 2459; x_wconf 89' lang='lat' dir='ltr'><strong>anathematizo</strong></span> <span class='ocrx_word' id='word_1_275' title='bbox 1899 2420 2121 2462; x_wconf 90' lang='lat' dir='ltr'><strong>omnem</strong></span> 
     </span>
    </p>
   </div>
   <div class='ocr_carea' id='block_1_41' title="bbox 525 2484 2121 2562">
    <p class='ocr_par' dir='ltr' id='par_1_41' title="bbox 525 2484 2121 2562">
     <span class='ocr_line' id='line_1_41' title="bbox 525 2484 2121 2562; baseline 0.009 -23"><span class='ocrx_word' id='word_1_276' title='bbox 525 2484 802 2554; x_wconf 77' lang='lat' dir='ltr'><strong>haeresim,</strong></span> <span class='ocrx_word' id='word_1_277' title='bbox 829 2489 1100 2560; x_wconf 61' lang='lat' dir='ltr'><strong>praecipue</strong></span> <span class='ocrx_word' id='word_1_278' title='bbox 1126 2489 1274 2545; x_wconf 88' lang='lat' dir='ltr'><strong>illam</strong></span> <span class='ocrx_word' id='word_1_279' title='bbox 1305 2491 1372 2547; x_wconf 91' lang='lat' dir='ltr'><strong>de</strong></span> <span class='ocrx_word' id='word_1_280' title='bbox 1399 2506 1508 2562; x_wconf 88' lang='lat' dir='ltr'><strong>qua</strong></span> <span class='ocrx_word' id='word_1_281' title='bbox 1536 2492 1804 2548; x_wconf 89' lang='lat' dir='ltr'><strong>hactenus</strong></span> <span class='ocrx_word' id='word_1_282' title='bbox 1822 2493 2121 2554; x_wconf 86' lang='lat' dir='ltr'><strong>infamatus</strong></span> 
     </span>
    </p>
   </div>
   <div class='ocr_carea' id='block_1_42' title="bbox 525 2585 2120 2658">
    <p class='ocr_par' dir='ltr' id='par_1_42' title="bbox 525 2585 2120 2658">
     <span class='ocr_line' id='line_1_42' title="bbox 525 2585 2120 2658; baseline 0.008 -28"><span class='ocrx_word' id='word_1_283' title='bbox 525 2591 672 2644; x_wconf 91' lang='lat' dir='ltr'><strong>sum,</strong></span> <span class='ocrx_word' id='word_1_284' title='bbox 696 2594 820 2650; x_wconf 73' lang='lat' dir='ltr'><strong>qua:</strong></span> <span class='ocrx_word' id='word_1_285' title='bbox 848 2588 1094 2635; x_wconf 80' lang='lat' dir='ltr'><strong>astruere</strong></span> <span class='ocrx_word' id='word_1_286' title='bbox 1115 2590 1348 2638; x_wconf 90' lang='lat' dir='ltr'><strong>conatur</strong></span> <span class='ocrx_word' id='word_1_287' title='bbox 1387 2597 1583 2653; x_wconf 89' lang='lat' dir='ltr'><strong>panem</strong></span> <span class='ocrx_word' id='word_1_288' title='bbox 1611 2592 1666 2639; x_wconf 90' lang='lat' dir='ltr'><strong>et</strong></span> <span class='ocrx_word' id='word_1_289' title='bbox 1688 2585 1896 2652; x_wconf 89' lang='lat' dir='ltr'><strong>vinum,</strong></span> <span class='ocrx_word' id='word_1_290' title='bbox 1918 2602 2042 2658; x_wconf 68' lang='lat' dir='ltr'><strong>quae</strong></span> <span class='ocrx_word' id='word_1_291' title='bbox 2064 2588 2120 2643; x_wconf 92' lang='lat' dir='ltr'><strong>in</strong></span> 
     </span>
    </p>
   </div>
   <div class='ocr_carea' id='block_1_43' title="bbox 524 2667 2120 2746">
    <p class='ocr_par' dir='ltr' id='par_1_43' title="bbox 524 2667 2120 2746">
     <span class='ocr_line' id='line_1_43' title="bbox 524 2667 2120 2746; baseline 0.008 -25"><span class='ocrx_word' id='word_1_292' title='bbox 524 2667 685 2723; x_wconf 82' lang='lat' dir='ltr'><strong>altari</strong></span> <span class='ocrx_word' id='word_1_293' title='bbox 726 2678 1025 2740; x_wconf 89' lang='lat' dir='ltr'><strong>ponuntur,</strong></span> <span class='ocrx_word' id='word_1_294' title='bbox 1073 2680 1199 2743; x_wconf 91' lang='lat' dir='ltr'><strong>post</strong></span> <span class='ocrx_word' id='word_1_295' title='bbox 1251 2674 1720 2731; x_wconf 83' lang='lat' dir='ltr'><strong>consecrationem</strong></span> <span class='ocrx_word' id='word_1_296' title='bbox 1774 2676 2120 2746; x_wconf 86' lang='lat' dir='ltr'><strong>solummodo</strong></span> 
     </span>
    </p>
   </div>
   <div class='ocr_carea' id='block_1_44' title="bbox 524 2769 2118 2840">
    <p class='ocr_par' dir='ltr' id='par_1_44' title="bbox 524 2769 2118 2840">
     <span class='ocr_line' id='line_1_44' title="bbox 524 2769 2118 2840; baseline 0.008 -27"><span class='ocrx_word' id='word_1_297' title='bbox 524 2769 954 2827; x_wconf 83' lang='lat' dir='ltr'><strong>sacramentum,</strong></span> <span class='ocrx_word' id='word_1_298' title='bbox 977 2771 1034 2818; x_wconf 91' lang='lat' dir='ltr'><strong>et</strong></span> <span class='ocrx_word' id='word_1_299' title='bbox 1066 2779 1174 2818; x_wconf 87' lang='lat' dir='ltr'><strong>non</strong></span> <span class='ocrx_word' id='word_1_300' title='bbox 1208 2780 1401 2820; x_wconf 89' lang='lat' dir='ltr'><strong>verum</strong></span> <span class='ocrx_word' id='word_1_301' title='bbox 1444 2781 1646 2837; x_wconf 88' lang='lat' dir='ltr'><strong>corpus</strong></span> <span class='ocrx_word' id='word_1_302' title='bbox 1699 2775 1755 2822; x_wconf 91' lang='lat' dir='ltr'><strong>et</strong></span> <span class='ocrx_word' id='word_1_303' title='bbox 1796 2769 2118 2840; x_wconf 79' lang='lat' dir='ltr'><strong>sanguinem</strong></span> 
     </span>
    </p>
   </div>
   <div class='ocr_carea' id='block_1_45' title="bbox 525 2846 2120 2930">
    <p class='ocr_par' dir='ltr' id='par_1_45' title="bbox 525 2846 2120 2930">
     <span class='ocr_line' id='line_1_45' title="bbox 525 2846 2120 2930; baseline 0.008 -27"><span class='ocrx_word' id='word_1_304' title='bbox 525 2846 745 2907; x_wconf 88' lang='lat' dir='ltr'><strong>Domini</strong></span> <span class='ocrx_word' id='word_1_305' title='bbox 767 2853 938 2908; x_wconf 92' lang='lat' dir='ltr'><strong>nostri</strong></span> <span class='ocrx_word' id='word_1_306' title='bbox 965 2853 1094 2912; x_wconf 84' lang='lat' dir='ltr'><strong>Jesu</strong></span> <span class='ocrx_word' id='word_1_307' title='bbox 1107 2855 1309 2913; x_wconf 85' lang='lat' dir='ltr'><strong>Christi</strong></span> <span class='ocrx_word' id='word_1_308' title='bbox 1331 2873 1591 2925; x_wconf 88' lang='lat' dir='ltr'><strong>esse,nec</strong></span> <span class='ocrx_word' id='word_1_309' title='bbox 1613 2874 1775 2930; x_wconf 89' lang='lat' dir='ltr'><strong>posse</strong></span> <span class='ocrx_word' id='word_1_310' title='bbox 1796 2861 2120 2917; x_wconf 86' lang='lat' dir='ltr'><strong>sensualiter</strong></span> 
     </span>
    </p>
   </div>
   <div class='ocr_carea' id='block_1_46' title="bbox 521 2939 2118 3010">
    <p class='ocr_par' dir='ltr' id='par_1_46' title="bbox 521 2939 2118 3010">
     <span class='ocr_line' id='line_1_46' title="bbox 521 2939 2118 3010; baseline 0.008 -14"><span class='ocrx_word' id='word_1_311' title='bbox 521 2939 633 2998; x_wconf 87' lang='lat' dir='ltr'><strong>nisi</strong></span> <span class='ocrx_word' id='word_1_312' title='bbox 655 2940 710 2997; x_wconf 84' lang='lat' dir='ltr'><strong>in</strong></span> <span class='ocrx_word' id='word_1_313' title='bbox 725 2944 845 2999; x_wconf 89' lang='lat' dir='ltr'><strong>solo</strong></span> <span class='ocrx_word' id='word_1_314' title='bbox 865 2955 1210 3003; x_wconf 88' lang='lat' dir='ltr'><strong>sacramento</strong></span> <span class='ocrx_word' id='word_1_315' title='bbox 1244 2950 1500 3006; x_wconf 90' lang='lat' dir='ltr'><strong>manibus</strong></span> <span class='ocrx_word' id='word_1_316' title='bbox 1523 2952 1869 3008; x_wconf 89' lang='lat' dir='ltr'><strong>sacerdotum</strong></span> <span class='ocrx_word' id='word_1_317' title='bbox 1893 2953 2118 3010; x_wconf 89' lang='lat' dir='ltr'><strong>tractari</strong></span> 
     </span>
    </p>
   </div>
   <div class='ocr_carea' id='block_1_47' title="bbox 521 3031 2116 3106">
    <p class='ocr_par' dir='ltr' id='par_1_47' title="bbox 521 3031 2116 3106">
     <span class='ocr_line' id='line_1_47' title="bbox 521 3031 2116 3106; baseline 0.006 -19"><span class='ocrx_word' id='word_1_318' title='bbox 521 3031 610 3088; x_wconf 76' lang='lat' dir='ltr'><strong>v&#39;el</strong></span> <span class='ocrx_word' id='word_1_319' title='bbox 631 3031 828 3106; x_wconf 80' lang='lat' dir='ltr'><strong>frangi,</strong></span> <span class='ocrx_word' id='word_1_320' title='bbox 845 3044 942 3092; x_wconf 88' lang='lat' dir='ltr'><strong>aut</strong></span> <span class='ocrx_word' id='word_1_321' title='bbox 960 3035 1199 3092; x_wconf 82' lang='lat' dir='ltr'><strong>ﬁdelium</strong></span> <span class='ocrx_word' id='word_1_322' title='bbox 1222 3039 1475 3096; x_wconf 89' lang='lat' dir='ltr'><strong>dentibus</strong></span> <span class='ocrx_word' id='word_1_323' title='bbox 1495 3040 1674 3096; x_wconf 88' lang='lat' dir='ltr'><strong>atteri.</strong></span> <span class='ocrx_word' id='word_1_324' title='bbox 1690 3041 1986 3098; x_wconf 85' lang='lat' dir='ltr'><strong>Consentio</strong></span> <span class='ocrx_word' id='word_1_325' title='bbox 2013 3059 2084 3097; x_wconf 93' lang='lat' dir='ltr'><strong>au</strong></span> <span class='ocrx_word' id='word_1_326' title='bbox 2101 3072 2116 3082; x_wconf 89' lang='lat'><strong><em>-</em></strong></span> 
     </span>
    </p>
   </div>
   <div class='ocr_carea' id='block_1_48' title="bbox 525 3128 2118 3205">
    <p class='ocr_par' dir='ltr' id='par_1_48' title="bbox 525 3128 2118 3205">
     <span class='ocr_line' id='line_1_48' title="bbox 525 3128 2118 3205; baseline 0.007 -24"><span class='ocrx_word' id='word_1_327' title='bbox 525 3133 634 3182; x_wconf 84' lang='lat' dir='ltr'><strong>tem</strong></span> <span class='ocrx_word' id='word_1_328' title='bbox 658 3136 862 3185; x_wconf 68' lang='lat' dir='ltr'><strong>sanctae</strong></span> <span class='ocrx_word' id='word_1_329' title='bbox 889 3128 1151 3186; x_wconf 65' lang='lat' dir='ltr'><strong>Romana:</strong></span> <span class='ocrx_word' id='word_1_330' title='bbox 1173 3130 1432 3190; x_wconf 63' lang='lat' dir='ltr'><strong>Ecclesiaa</strong></span> <span class='ocrx_word' id='word_1_331' title='bbox 1456 3141 1510 3188; x_wconf 91' lang='lat' dir='ltr'><strong>et</strong></span> <span class='ocrx_word' id='word_1_332' title='bbox 1535 3135 1845 3205; x_wconf 62' lang='lat' dir='ltr'><strong>apostolicae</strong></span> <span class='ocrx_word' id='word_1_333' title='bbox 1869 3137 1984 3193; x_wconf 71' lang='lat' dir='ltr'><strong>seti</strong></span> <span class='ocrx_word' id='word_1_334' title='bbox 2013 3156 2027 3192; x_wconf 89' lang='lat'><strong>:</strong></span> <span class='ocrx_word' id='word_1_335' title='bbox 2062 3147 2118 3192; x_wconf 91' lang='lat' dir='ltr'><strong>et</strong></span> 
     </span>
    </p>
   </div>
   <div class='ocr_carea' id='block_1_49' title="bbox 522 3217 2117 3292">
    <p class='ocr_par' dir='ltr' id='par_1_49' title="bbox 522 3217 2117 3292">
     <span class='ocr_line' id='line_1_49' title="bbox 522 3217 2117 3292; baseline 0.008 -20"><span class='ocrx_word' id='word_1_336' title='bbox 522 3217 621 3272; x_wconf 83' lang='lat' dir='ltr'><strong>ore</strong></span> <span class='ocrx_word' id='word_1_337' title='bbox 649 3227 704 3274; x_wconf 89' lang='lat' dir='ltr'><strong>et</strong></span> <span class='ocrx_word' id='word_1_338' title='bbox 751 3220 914 3276; x_wconf 92' lang='lat' dir='ltr'><strong>corde</strong></span> <span class='ocrx_word' id='word_1_339' title='bbox 959 3221 1238 3292; x_wconf 81' lang='lat' dir='ltr'><strong>profiteor,</strong></span> <span class='ocrx_word' id='word_1_340' title='bbox 1279 3223 1347 3280; x_wconf 91' lang='lat' dir='ltr'><strong>de</strong></span> <span class='ocrx_word' id='word_1_341' title='bbox 1409 3227 1770 3284; x_wconf 89' lang='lat' dir='ltr'><strong>sacramentis</strong></span> <span class='ocrx_word' id='word_1_342' title='bbox 1819 3227 2117 3286; x_wconf 63' lang='lat' dir='ltr'><strong>Dominica:</strong></span> 
     </span>
    </p>
   </div>
   <div class='ocr_carea' id='block_1_50' title="bbox 520 3313 2117 3390">
    <p class='ocr_par' dir='ltr' id='par_1_50' title="bbox 520 3313 2117 3390">
     <span class='ocr_line' id='line_1_50' title="bbox 520 3313 2117 3390; baseline 0.009 -27"><span class='ocrx_word' id='word_1_343' title='bbox 520 3323 730 3367; x_wconf 74' lang='lat' dir='ltr'><strong>mensae</strong></span> <span class='ocrx_word' id='word_1_344' title='bbox 781 3327 904 3368; x_wconf 89' lang='lat' dir='ltr'><strong>eam</strong></span> <span class='ocrx_word' id='word_1_345' title='bbox 941 3313 1101 3372; x_wconf 81' lang='lat' dir='ltr'><strong>fidem</strong></span> <span class='ocrx_word' id='word_1_346' title='bbox 1148 3315 1280 3387; x_wconf 90' lang='lat' dir='ltr'><strong>(me)</strong></span> <span class='ocrx_word' id='word_1_347' title='bbox 1337 3325 1522 3373; x_wconf 86' lang='lat' dir='ltr'><strong>tenere</strong></span> <span class='ocrx_word' id='word_1_348' title='bbox 1560 3335 1725 3390; x_wconf 87' lang='lat' dir='ltr'><strong>quam</strong></span> <span class='ocrx_word' id='word_1_349' title='bbox 1784 3321 2020 3378; x_wconf 88' lang='lat' dir='ltr'><strong>domnus</strong></span> <span class='ocrx_word' id='word_1_350' title='bbox 2062 3331 2117 3378; x_wconf 88' lang='lat' dir='ltr'><strong>et</strong></span> 
     </span>
    </p>
   </div>
   <div class='ocr_carea' id='block_1_51' title="bbox 521 3405 2115 3488">
    <p class='ocr_par' dir='ltr' id='par_1_51' title="bbox 521 3405 2115 3488">
     <span class='ocr_line' id='line_1_51' title="bbox 521 3405 2115 3488; baseline 0.01 -32"><span class='ocrx_word' id='word_1_351' title='bbox 521 3405 851 3463; x_wconf 87' lang='lat' dir='ltr'><strong>venerabilis</strong></span> <span class='ocrx_word' id='word_1_352' title='bbox 875 3423 1014 3479; x_wconf 89' lang='lat' dir='ltr'><strong>papa</strong></span> <span class='ocrx_word' id='word_1_353' title='bbox 1046 3407 1334 3478; x_wconf 83' lang='lat' dir='ltr'><strong>Nlcolaus,</strong></span> <span class='ocrx_word' id='word_1_354' title='bbox 1373 3421 1428 3468; x_wconf 90' lang='lat' dir='ltr'><strong>et</strong></span> <span class='ocrx_word' id='word_1_355' title='bbox 1473 3413 1592 3470; x_wconf 69' lang='lat' dir='ltr'><strong>haec</strong></span> <span class='ocrx_word' id='word_1_356' title='bbox 1633 3423 1826 3471; x_wconf 88' lang='lat' dir='ltr'><strong>sancta</strong></span> <span class='ocrx_word' id='word_1_357' title='bbox 1871 3416 2115 3488; x_wconf 90' lang='lat' dir='ltr'><strong>synodus</strong></span> 
     </span>
    </p>
   </div>
   <div class='ocr_carea' id='block_1_52' title="bbox 520 3497 2114 3574">
    <p class='ocr_par' dir='ltr' id='par_1_52' title="bbox 520 3497 2114 3574">
     <span class='ocr_line' id='line_1_52' title="bbox 520 3497 2114 3574; baseline 0.009 -25"><span class='ocrx_word' id='word_1_358' title='bbox 520 3497 848 3554; x_wconf 88' lang='lat' dir='ltr'><strong>auctoritate</strong></span> <span class='ocrx_word' id='word_1_359' title='bbox 867 3501 1178 3571; x_wconf 82' lang='lat' dir='ltr'><strong>evangelica</strong></span> <span class='ocrx_word' id='word_1_360' title='bbox 1213 3512 1268 3559; x_wconf 83' lang='lat' dir='ltr'><strong>et</strong></span> <span class='ocrx_word' id='word_1_361' title='bbox 1297 3504 1594 3574; x_wconf 89' lang='lat' dir='ltr'><strong>apostolica</strong></span> <span class='ocrx_word' id='word_1_362' title='bbox 1623 3507 1915 3563; x_wconf 91' lang='lat' dir='ltr'><strong>tenendam</strong></span> <span class='ocrx_word' id='word_1_363' title='bbox 1945 3508 2114 3563; x_wconf 87' lang='lat' dir='ltr'><strong>tradi-</strong></span> 
     </span>
    </p>
   </div>
   <div class='ocr_carea' id='block_1_53' title="bbox 521 3582 2114 3668">
    <p class='ocr_par' dir='ltr' id='par_1_53' title="bbox 521 3582 2114 3668">
     <span class='ocr_line' id='line_1_53' title="bbox 521 3582 2114 3668; baseline 0.009 -30"><span class='ocrx_word' id='word_1_364' title='bbox 521 3582 624 3652; x_wconf 89' lang='lat' dir='ltr'><strong>dit,</strong></span> <span class='ocrx_word' id='word_1_365' title='bbox 652 3587 896 3660; x_wconf 85' lang='lat' dir='ltr'><strong>mihique</strong></span> <span class='ocrx_word' id='word_1_366' title='bbox 920 3588 1159 3646; x_wconf 75' lang='lat' dir='ltr'><strong>firmavit</strong></span> <span class='ocrx_word' id='word_1_367' title='bbox 1183 3611 1196 3647; x_wconf 88' lang='lat'><strong>:</strong></span> <span class='ocrx_word' id='word_1_368' title='bbox 1227 3593 1434 3649; x_wconf 89' lang='lat' dir='ltr'><strong>scilicet</strong></span> <span class='ocrx_word' id='word_1_369' title='bbox 1460 3611 1654 3665; x_wconf 90' lang='lat' dir='ltr'><strong>panem</strong></span> <span class='ocrx_word' id='word_1_370' title='bbox 1683 3604 1738 3651; x_wconf 91' lang='lat' dir='ltr'><strong>et</strong></span> <span class='ocrx_word' id='word_1_371' title='bbox 1758 3597 1968 3664; x_wconf 91' lang='lat' dir='ltr'><strong>vinum,</strong></span> <span class='ocrx_word' id='word_1_372' title='bbox 1991 3613 2114 3668; x_wconf 63' lang='lat' dir='ltr'><strong>qua!</strong></span> 
     </span>
    </p>
   </div>
   <div class='ocr_carea' id='block_1_54' title="bbox 519 3673 2112 3756">
    <p class='ocr_par' dir='ltr' id='par_1_54' title="bbox 519 3673 2112 3756">
     <span class='ocr_line' id='line_1_54' title="bbox 519 3673 2112 3756; baseline 0.011 -28"><span class='ocrx_word' id='word_1_373' title='bbox 519 3673 580 3729; x_wconf 81' lang='lat' dir='ltr'><strong>iu</strong></span> <span class='ocrx_word' id='word_1_374' title='bbox 607 3677 766 3734; x_wconf 87' lang='lat' dir='ltr'><strong>altari</strong></span> <span class='ocrx_word' id='word_1_375' title='bbox 792 3691 1093 3751; x_wconf 89' lang='lat' dir='ltr'><strong>ponuntur,</strong></span> <span class='ocrx_word' id='word_1_376' title='bbox 1125 3693 1252 3756; x_wconf 66' lang='lat' dir='ltr'><strong>post,</strong></span> <span class='ocrx_word' id='word_1_377' title='bbox 1287 3688 1758 3744; x_wconf 88' lang='lat' dir='ltr'><strong>consecrationem</strong></span> <span class='ocrx_word' id='word_1_378' title='bbox 1792 3705 1903 3746; x_wconf 91' lang='lat' dir='ltr'><strong>non</strong></span> <span class='ocrx_word' id='word_1_379' title='bbox 1933 3690 2112 3746; x_wconf 87' lang='lat' dir='ltr'><strong>solum</strong></span> 
     </span>
    </p>
   </div>
   <div class='ocr_carea' id='block_1_55' title="bbox 519 3773 2110 3852">
    <p class='ocr_par' dir='ltr' id='par_1_55' title="bbox 519 3773 2110 3852">
     <span class='ocr_line' id='line_1_55' title="bbox 519 3773 2110 3852; baseline 0.008 -30"><span class='ocrx_word' id='word_1_380' title='bbox 519 3779 946 3835; x_wconf 75' lang='lat' dir='ltr'><strong>sacramentum.</strong></span> <span class='ocrx_word' id='word_1_381' title='bbox 973 3773 1066 3828; x_wconf 89' lang='lat' dir='ltr'><strong>sed</strong></span> <span class='ocrx_word' id='word_1_382' title='bbox 1091 3785 1148 3830; x_wconf 84' lang='lat' dir='ltr'><strong>et</strong></span> <span class='ocrx_word' id='word_1_383' title='bbox 1184 3790 1377 3832; x_wconf 89' lang='lat' dir='ltr'><strong>verum</strong></span> <span class='ocrx_word' id='word_1_384' title='bbox 1431 3793 1632 3848; x_wconf 89' lang='lat' dir='ltr'><strong>corpus</strong></span> <span class='ocrx_word' id='word_1_385' title='bbox 1683 3787 1739 3834; x_wconf 86' lang='lat' dir='ltr'><strong>et</strong></span> <span class='ocrx_word' id='word_1_386' title='bbox 1789 3779 2110 3852; x_wconf 78' lang='lat' dir='ltr'><strong>sanguinem</strong></span> 
     </span>
    </p>
   </div>
   <div class='ocr_carea' id='block_1_56' title="bbox 517 3853 2110 3944">
    <p class='ocr_par' dir='ltr' id='par_1_56' title="bbox 517 3853 2110 3944">
     <span class='ocr_line' id='line_1_56' title="bbox 517 3853 2110 3944; baseline 0.01 -32"><span class='ocrx_word' id='word_1_387' title='bbox 517 3853 738 3944; x_wconf 80' lang='lat' dir='ltr'><strong>Domini</strong></span> <span class='ocrx_word' id='word_1_388' title='bbox 778 3863 954 3919; x_wconf 91' lang='lat' dir='ltr'><strong>nostri</strong></span> <span class='ocrx_word' id='word_1_389' title='bbox 972 3862 1108 3944; x_wconf 82' lang='lat' dir='ltr'><strong>_Jesu</strong></span> <span class='ocrx_word' id='word_1_390' title='bbox 1131 3865 1336 3924; x_wconf 88' lang='lat' dir='ltr'><strong>Christi</strong></span> <span class='ocrx_word' id='word_1_391' title='bbox 1374 3883 1514 3936; x_wconf 91' lang='lat' dir='ltr'><strong>csse,</strong></span> <span class='ocrx_word' id='word_1_392' title='bbox 1544 3879 1599 3926; x_wconf 90' lang='lat' dir='ltr'><strong>et</strong></span> <span class='ocrx_word' id='word_1_393' title='bbox 1632 3873 1958 3928; x_wconf 89' lang='lat' dir='ltr'><strong>sensualiter</strong></span> <span class='ocrx_word' id='word_1_394' title='bbox 2000 3889 2110 3929; x_wconf 89' lang='lat' dir='ltr'><strong>non</strong></span> 
     </span>
    </p>
   </div>
   <div class='ocr_carea' id='block_1_57' title="bbox 516 3942 2110 4026">
    <p class='ocr_par' dir='ltr' id='par_1_57' title="bbox 516 3942 2110 4026">
     <span class='ocr_line' id='line_1_57' title="bbox 516 3942 2110 4026; baseline 0.009 -18"><span class='ocrx_word' id='word_1_395' title='bbox 516 3942 696 4008; x_wconf 80' lang='lat' dir='ltr'><strong>solum</strong></span> <span class='ocrx_word' id='word_1_396' title='bbox 733 3953 787 4008; x_wconf 91' lang='lat' dir='ltr'><strong>in</strong></span> <span class='ocrx_word' id='word_1_397' title='bbox 819 3942 1187 4026; x_wconf 86' lang='lat' dir='ltr'><strong>sacramento,</strong></span> <span class='ocrx_word' id='word_1_398' title='bbox 1207 3961 1301 4016; x_wconf 87' lang='lat' dir='ltr'><strong>sed</strong></span> <span class='ocrx_word' id='word_1_399' title='bbox 1325 3961 1378 4016; x_wconf 91' lang='lat' dir='ltr'><strong>in</strong></span> <span class='ocrx_word' id='word_1_400' title='bbox 1404 3951 1630 4018; x_wconf 88' lang='lat' dir='ltr'><strong>veritate</strong></span> <span class='ocrx_word' id='word_1_401' title='bbox 1651 3965 1907 4022; x_wconf 90' lang='lat' dir='ltr'><strong>manibus</strong></span> <span class='ocrx_word' id='word_1_402' title='bbox 1928 3981 2110 4022; x_wconf 88' lang='lat' dir='ltr'><strong>sacer-</strong></span> 
     </span>
    </p>
   </div>
   <div class='ocr_carea' id='block_1_58' title="bbox 517 4043 2105 4123">
    <p class='ocr_par' dir='ltr' id='par_1_58' title="bbox 517 4043 2105 4123">
     <span class='ocr_line' id='line_1_58' title="bbox 517 4043 2105 4123; baseline 0.01 -26"><span class='ocrx_word' id='word_1_403' title='bbox 517 4043 707 4099; x_wconf 84' lang='lat' dir='ltr'><strong>dotum</strong></span> <span class='ocrx_word' id='word_1_404' title='bbox 736 4049 980 4115; x_wconf 86' lang='lat' dir='ltr'><strong>tractari,</strong></span> <span class='ocrx_word' id='word_1_405' title='bbox 1012 4048 1212 4123; x_wconf 81' lang='lat' dir='ltr'><strong>frangi,</strong></span> <span class='ocrx_word' id='word_1_406' title='bbox 1244 4061 1299 4108; x_wconf 90' lang='lat' dir='ltr'><strong>et</strong></span> <span class='ocrx_word' id='word_1_407' title='bbox 1328 4054 1568 4110; x_wconf 80' lang='lat' dir='ltr'><strong>fidelium</strong></span> <span class='ocrx_word' id='word_1_408' title='bbox 1617 4056 1874 4112; x_wconf 89' lang='lat' dir='ltr'><strong>dentibus</strong></span> <span class='ocrx_word' id='word_1_409' title='bbox 1926 4058 2105 4122; x_wconf 86' lang='lat' dir='ltr'><strong>atteri,</strong></span> 
     </span>
    </p>
   </div>
   <div class='ocr_carea' id='block_1_59' title="bbox 509 4135 2109 4220">
    <p class='ocr_par' dir='ltr' id='par_1_59' title="bbox 509 4135 2109 4220">
     <span class='ocr_line' id='line_1_59' title="bbox 509 4135 2109 4220; baseline 0.012 -33"><span class='ocrx_word' id='word_1_410' title='bbox 509 4135 708 4204; x_wconf 89' lang='lat' dir='ltr'><strong>jurans</strong></span> <span class='ocrx_word' id='word_1_411' title='bbox 729 4152 826 4207; x_wconf 87' lang='lat' dir='ltr'><strong>per</strong></span> <span class='ocrx_word' id='word_1_412' title='bbox 846 4150 1092 4197; x_wconf 85' lang='lat' dir='ltr'><strong>sanctam</strong></span> <span class='ocrx_word' id='word_1_413' title='bbox 1119 4144 1365 4217; x_wconf 76' lang='grc' dir='ltr'><strong>ὁμοῦσιον</strong></span> <span class='ocrx_word' id='word_1_414' title='bbox 1393 4145 1735 4215; x_wconf 88' lang='lat' dir='ltr'><strong>Trinitatem,</strong></span> <span class='ocrx_word' id='word_1_415' title='bbox 1759 4157 1812 4204; x_wconf 90' lang='lat' dir='ltr'><strong>et</strong></span> <span class='ocrx_word' id='word_1_416' title='bbox 1854 4164 1952 4220; x_wconf 90' lang='lat' dir='ltr'><strong>per</strong></span> <span class='ocrx_word' id='word_1_417' title='bbox 1991 4150 2109 4206; x_wconf 69' lang='lat' dir='ltr'><strong>haec</strong></span> 
     </span>
    </p>
   </div>
   <div class='ocr_carea' id='block_1_60' title="bbox 514 4220 2107 4312">
    <p class='ocr_par' dir='ltr' id='par_1_60' title="bbox 514 4220 2107 4312">
     <span class='ocr_line' id='line_1_60' title="bbox 514 4220 2107 4312; baseline 0.011 -32"><span class='ocrx_word' id='word_1_418' title='bbox 514 4220 868 4287; x_wconf 71' lang='lat' dir='ltr'><strong>Sacrosancta</strong></span> <span class='ocrx_word' id='word_1_419' title='bbox 897 4231 1102 4290; x_wconf 89' lang='lat' dir='ltr'><strong>Christi</strong></span> <span class='ocrx_word' id='word_1_420' title='bbox 1125 4234 1436 4308; x_wconf 76' lang='lat' dir='ltr'><strong>Evangelia.</strong></span> <span class='ocrx_word' id='word_1_421' title='bbox 1467 4237 1576 4294; x_wconf 75' lang='lat' dir='ltr'><strong>Eds</strong></span> <span class='ocrx_word' id='word_1_422' title='bbox 1601 4255 1732 4296; x_wconf 86' lang='lat' dir='ltr'><strong>vero</strong></span> <span class='ocrx_word' id='word_1_423' title='bbox 1777 4241 1872 4312; x_wconf 87' lang='lat' dir='ltr'><strong>qui</strong></span> <span class='ocrx_word' id='word_1_424' title='bbox 1917 4251 2107 4298; x_wconf 82' lang='lat' dir='ltr'><strong>contra</strong></span> 
     </span>
    </p>
   </div>
   <div class='ocr_carea' id='block_1_61' title="bbox 513 4317 2106 4398">
    <p class='ocr_par' dir='ltr' id='par_1_61' title="bbox 513 4317 2106 4398">
     <span class='ocr_line' id='line_1_61' title="bbox 513 4317 2106 4398; baseline 0.013 -26"><span class='ocrx_word' id='word_1_425' title='bbox 513 4317 657 4376; x_wconf 90' lang='lat' dir='ltr'><strong>hanc</strong></span> <span class='ocrx_word' id='word_1_426' title='bbox 682 4321 843 4378; x_wconf 79' lang='lat' dir='ltr'><strong>fidem</strong></span> <span class='ocrx_word' id='word_1_427' title='bbox 865 4326 1135 4394; x_wconf 87' lang='lat' dir='ltr'><strong>venerint,</strong></span> <span class='ocrx_word' id='word_1_428' title='bbox 1149 4345 1274 4384; x_wconf 87' lang='lat' dir='ltr'><strong>cum</strong></span> <span class='ocrx_word' id='word_1_429' title='bbox 1299 4331 1644 4398; x_wconf 79' lang='lat' dir='ltr'><strong>dogmatibus</strong></span> <span class='ocrx_word' id='word_1_430' title='bbox 1667 4341 1722 4388; x_wconf 89' lang='lat' dir='ltr'><strong>et</strong></span> <span class='ocrx_word' id='word_1_431' title='bbox 1746 4336 2106 4392; x_wconf 83' lang='lat' dir='ltr'><strong>sectatoribus</strong></span> 
     </span>
    </p>
   </div>
   <div class='ocr_carea' id='block_1_62' title="bbox 2226 1845 3825 1936">
    <p class='ocr_par' dir='ltr' id='par_1_62' title="bbox 2226 1845 3825 1936">
     <span class='ocr_line' id='line_1_62' title="bbox 2226 1845 3825 1936; baseline 0 -22"><span class='ocrx_word' id='word_1_432' title='bbox 2226 1859 2525 1918; x_wconf 89' lang='lat' dir='ltr'><strong>Ecclesiam</strong></span> <span class='ocrx_word' id='word_1_433' title='bbox 2557 1863 2741 1920; x_wconf 81' lang='lat' dir='ltr'><strong>verbis</strong></span> <span class='ocrx_word' id='word_1_434' title='bbox 2775 1873 2828 1919; x_wconf 90' lang='lat' dir='ltr'><strong>et</strong></span> <span class='ocrx_word' id='word_1_435' title='bbox 2858 1864 3078 1936; x_wconf 87' lang='lat' dir='ltr'><strong>scriptis</strong></span> <span class='ocrx_word' id='word_1_436' title='bbox 3118 1845 3503 1934; x_wconf 77' lang='lat' dir='ltr'><strong>blasphemare</strong></span> <span class='ocrx_word' id='word_1_437' title='bbox 3551 1875 3825 1930; x_wconf 59' lang='lat' dir='ltr'><strong>praesum-</strong></span> 
     </span>
    </p>
   </div>
   <div class='ocr_carea' id='block_1_63' title="bbox 2222 1951 3822 2028">
    <p class='ocr_par' dir='ltr' id='par_1_63' title="bbox 2222 1951 3822 2028">
     <span class='ocr_line' id='line_1_63' title="bbox 2222 1951 3822 2028; baseline -0.002 -18"><span class='ocrx_word' id='word_1_438' title='bbox 2222 1953 2352 2024; x_wconf 90' lang='lat' dir='ltr'><strong>psit.</strong></span> <span class='ocrx_word' id='word_1_439' title='bbox 2391 1952 2595 2026; x_wconf 85' lang='lat' dir='ltr'><strong>Nempe</strong></span> <span class='ocrx_word' id='word_1_440' title='bbox 2625 1953 2684 2012; x_wconf 89' lang='lat' dir='ltr'><strong>S.</strong></span> <span class='ocrx_word' id='word_1_441' title='bbox 2717 1953 2957 2012; x_wconf 90' lang='lat' dir='ltr'><strong>Leonem</strong></span> <span class='ocrx_word' id='word_1_442' title='bbox 2979 1971 3180 2028; x_wconf 88' lang='lat' dir='ltr'><strong>papam</strong></span> <span class='ocrx_word' id='word_1_443' title='bbox 3208 1971 3318 2010; x_wconf 86' lang='lat' dir='ltr'><strong>non</strong></span> <span class='ocrx_word' id='word_1_444' title='bbox 3363 1952 3712 2026; x_wconf 80' lang='lat' dir='ltr'><strong>pontiﬁcem,</strong></span> <span class='ocrx_word' id='word_1_445' title='bbox 3733 1951 3822 2007; x_wconf 79' lang='lat' dir='ltr'><strong>sed</strong></span> 
     </span>
    </p>
   </div>
   <div class='ocr_carea' id='block_1_64' title="bbox 2221 2043 3822 2120">
    <p class='ocr_par' dir='ltr' id='par_1_64' title="bbox 2221 2043 3822 2120">
     <span class='ocr_line' id='line_1_64' title="bbox 2221 2043 3822 2120; baseline -0.001 -20"><span class='ocrx_word' id='word_1_446' title='bbox 2221 2047 2570 2118; x_wconf 85' lang='lat' dir='ltr'><strong>pompilieem</strong></span> <span class='ocrx_word' id='word_1_447' title='bbox 2603 2056 2658 2104; x_wconf 93' lang='lat' dir='ltr'><strong>et</strong></span> <span class='ocrx_word' id='word_1_448' title='bbox 2678 2049 2989 2120; x_wconf 83' lang='lat' dir='ltr'><strong>pulpilicem</strong></span> <span class='ocrx_word' id='word_1_449' title='bbox 3028 2048 3346 2119; x_wconf 83' lang='lat' dir='ltr'><strong>appellavit;</strong></span> <span class='ocrx_word' id='word_1_450' title='bbox 3403 2055 3666 2102; x_wconf 85' lang='lat' dir='ltr'><strong>sanctam</strong></span> <span class='ocrx_word' id='word_1_451' title='bbox 3715 2043 3822 2098; x_wconf 79' lang='lat' dir='ltr'><strong>Ro-</strong></span> 
     </span>
    </p>
   </div>
   <div class='ocr_carea' id='block_1_65' title="bbox 2133 2137 3818 2198">
    <p class='ocr_par' dir='ltr' id='par_1_65' title="bbox 2133 2137 3818 2198">
     <span class='ocr_line' id='line_1_65' title="bbox 2133 2137 3818 2198; baseline -0.003 -1"><span class='ocrx_word' id='word_1_452' title='bbox 2133 2191 2138 2197; x_wconf 93' lang='lat'><strong>.</strong></span> <span class='ocrx_word' id='word_1_453' title='bbox 2223 2155 2444 2195; x_wconf 90' lang='lat' dir='ltr'><strong>manam</strong></span> <span class='ocrx_word' id='word_1_454' title='bbox 2469 2139 2770 2198; x_wconf 81' lang='lat' dir='ltr'><strong>Ecclesiam</strong></span> <span class='ocrx_word' id='word_1_455' title='bbox 2807 2141 3070 2197; x_wconf 84' lang='lat' dir='ltr'><strong>vanitatis</strong></span> <span class='ocrx_word' id='word_1_456' title='bbox 3091 2141 3384 2197; x_wconf 88' lang='lat' dir='ltr'><strong>concilium</strong></span> <span class='ocrx_word' id='word_1_457' title='bbox 3433 2148 3490 2196; x_wconf 84' lang='lat' dir='ltr'><strong>et</strong></span> <span class='ocrx_word' id='word_1_458' title='bbox 3519 2137 3818 2195; x_wconf 58' lang='lat' dir='ltr'><strong>Ecclesiam</strong></span> 
     </span>
    </p>
   </div>
   <div class='ocr_carea' id='block_1_66' title="bbox 2221 2230 3820 2303">
    <p class='ocr_par' dir='ltr' id='par_1_66' title="bbox 2221 2230 3820 2303">
     <span class='ocr_line' id='line_1_66' title="bbox 2221 2230 3820 2303; baseline -0.001 -17"><span class='ocrx_word' id='word_1_459' title='bbox 2221 2231 2668 2303; x_wconf 81' lang='lat' dir='ltr'><strong>malignautium;</strong></span> <span class='ocrx_word' id='word_1_460' title='bbox 2711 2232 3016 2288; x_wconf 75' lang='lat' dir='ltr'><strong>Romanam</strong></span> <span class='ocrx_word' id='word_1_461' title='bbox 3049 2233 3233 2302; x_wconf 83' lang='lat' dir='ltr'><strong>sedem</strong></span> <span class='ocrx_word' id='word_1_462' title='bbox 3277 2247 3388 2288; x_wconf 86' lang='lat' dir='ltr'><strong>non</strong></span> <span class='ocrx_word' id='word_1_463' title='bbox 3435 2230 3820 2303; x_wconf 74' lang='lat' dir='ltr'><strong>apostolicam,</strong></span> 
     </span>
    </p>
   </div>
   <div class='ocr_carea' id='block_1_67' title="bbox 2221 2320 3815 2392">
    <p class='ocr_par' dir='ltr' id='par_1_67' title="bbox 2221 2320 3815 2392">
     <span class='ocr_line' id='line_1_67' title="bbox 2221 2320 3815 2392; baseline -0.001 -16"><span class='ocrx_word' id='word_1_464' title='bbox 2221 2321 2319 2376; x_wconf 84' lang='lat' dir='ltr'><strong>sed</strong></span> <span class='ocrx_word' id='word_1_465' title='bbox 2348 2321 2534 2376; x_wconf 83' lang='lat' dir='ltr'><strong>sedem</strong></span> <span class='ocrx_word' id='word_1_466' title='bbox 2557 2320 2776 2378; x_wconf 66' lang='lat' dir='ltr'><strong>Satanae</strong></span> <span class='ocrx_word' id='word_1_467' title='bbox 2806 2321 2966 2378; x_wconf 86' lang='lat' dir='ltr'><strong>dictis</strong></span> <span class='ocrx_word' id='word_1_468' title='bbox 2991 2331 3045 2377; x_wconf 86' lang='lat' dir='ltr'><strong>ct</strong></span> <span class='ocrx_word' id='word_1_469' title='bbox 3071 2321 3290 2392; x_wconf 89' lang='lat' dir='ltr'><strong>scriptis</strong></span> <span class='ocrx_word' id='word_1_470' title='bbox 3326 2337 3437 2376; x_wconf 91' lang='lat' dir='ltr'><strong>non</strong></span> <span class='ocrx_word' id='word_1_471' title='bbox 3487 2320 3682 2375; x_wconf 90' lang='lat' dir='ltr'><strong>timuit</strong></span> <span class='ocrx_word' id='word_1_472' title='bbox 3725 2335 3815 2390; x_wconf 84' lang='lat' dir='ltr'><strong>ap-</strong></span> 
     </span>
    </p>
   </div>
   <div class='ocr_carea' id='block_1_68' title="bbox 2221 2412 3818 2486">
    <p class='ocr_par' dir='ltr' id='par_1_68' title="bbox 2221 2412 3818 2486">
     <span class='ocr_line' id='line_1_68' title="bbox 2221 2412 3818 2486; baseline 0.001 -18"><span class='ocrx_word' id='word_1_473' title='bbox 2221 2412 2424 2483; x_wconf 89' lang='lat' dir='ltr'><strong>pellare</strong></span> <span class='ocrx_word' id='word_1_474' title='bbox 2447 2413 2654 2485; x_wconf 70' lang='grc'><strong>(1185).</strong></span> <span class='ocrx_word' id='word_1_475' title='bbox 2687 2414 2793 2470; x_wconf 87' lang='lat' dir='ltr'><strong>Sed</strong></span> <span class='ocrx_word' id='word_1_476' title='bbox 2823 2415 3074 2471; x_wconf 64' lang='lat' dir='ltr'><strong>haeresim</strong></span> <span class='ocrx_word' id='word_1_477' title='bbox 3093 2430 3248 2471; x_wconf 85' lang='lat' dir='ltr'><strong>suam</strong></span> <span class='ocrx_word' id='word_1_478' title='bbox 3277 2423 3406 2486; x_wconf 81' lang='lat' dir='ltr'><strong>post</strong></span> <span class='ocrx_word' id='word_1_479' title='bbox 3427 2423 3512 2470; x_wconf 92' lang='lat' dir='ltr'><strong>tot</strong></span> <span class='ocrx_word' id='word_1_480' title='bbox 3533 2413 3818 2486; x_wconf 66' lang='lat' dir='ltr'><strong>synodica</strong></span> 
     </span>
    </p>
   </div>
   <div class='ocr_carea' id='block_1_69' title="bbox 2219 2505 3816 2579">
    <p class='ocr_par' dir='ltr' id='par_1_69' title="bbox 2219 2505 3816 2579">
     <span class='ocr_line' id='line_1_69' title="bbox 2219 2505 3816 2579; baseline 0 -17"><span class='ocrx_word' id='word_1_481' title='bbox 2219 2505 2602 2564; x_wconf 87' lang='lat' dir='ltr'><strong>damnationes</strong></span> <span class='ocrx_word' id='word_1_482' title='bbox 2628 2513 2684 2563; x_wconf 93' lang='lat' dir='ltr'><strong>et</strong></span> <span class='ocrx_word' id='word_1_483' title='bbox 2703 2507 3077 2579; x_wconf 84' lang='lat' dir='ltr'><strong>abjurationes</strong></span> <span class='ocrx_word' id='word_1_484' title='bbox 3098 2507 3350 2562; x_wconf 85' lang='lat' dir='ltr'><strong>clanculo</strong></span> <span class='ocrx_word' id='word_1_485' title='bbox 3377 2522 3480 2578; x_wconf 90' lang='lat' dir='ltr'><strong>per</strong></span> <span class='ocrx_word' id='word_1_486' title='bbox 3520 2507 3816 2578; x_wconf 76' lang='lat' dir='ltr'><strong>discipulos</strong></span> 
     </span>
    </p>
   </div>
   <div class='ocr_carea' id='block_1_70' title="bbox 2220 2599 3817 2671">
    <p class='ocr_par' dir='ltr' id='par_1_70' title="bbox 2220 2599 3817 2671">
     <span class='ocr_line' id='line_1_70' title="bbox 2220 2599 3817 2671; baseline 0.001 -18"><span class='ocrx_word' id='word_1_487' title='bbox 2220 2613 2352 2654; x_wconf 88' lang='lat' dir='ltr'><strong>suos</strong></span> <span class='ocrx_word' id='word_1_488' title='bbox 2375 2613 2766 2671; x_wconf 83' lang='lat' dir='ltr'><strong>usquequaque</strong></span> <span class='ocrx_word' id='word_1_489' title='bbox 2785 2615 2898 2655; x_wconf 90' lang='lat' dir='ltr'><strong>non</strong></span> <span class='ocrx_word' id='word_1_490' title='bbox 2919 2600 3154 2657; x_wconf 88' lang='lat' dir='ltr'><strong>cessavit</strong></span> <span class='ocrx_word' id='word_1_491' title='bbox 3178 2599 3574 2666; x_wconf 84' lang='lat' dir='ltr'><strong>disseminare,</strong></span> <span class='ocrx_word' id='word_1_492' title='bbox 3585 2610 3645 2655; x_wconf 89' lang='lat' dir='ltr'><strong>et</strong></span> <span class='ocrx_word' id='word_1_493' title='bbox 3668 2615 3817 2671; x_wconf 84' lang='lat' dir='ltr'><strong>quos-</strong></span> 
     </span>
    </p>
   </div>
   <div class='ocr_carea' id='block_1_71' title="bbox 2221 2687 3572 2751">
    <p class='ocr_par' dir='ltr' id='par_1_71' title="bbox 2221 2687 3572 2751">
     <span class='ocr_line' id='line_1_71' title="bbox 2221 2687 3572 2751; baseline 0.003 -9"><span class='ocrx_word' id='word_1_494' title='bbox 2221 2687 2352 2744; x_wconf 84' lang='lat' dir='ltr'><strong>libet</strong></span> <span class='ocrx_word' id='word_1_495' title='bbox 2373 2689 2626 2746; x_wconf 88' lang='lat' dir='ltr'><strong>incautos</strong></span> <span class='ocrx_word' id='word_1_496' title='bbox 2651 2704 2862 2751; x_wconf 78' lang='lat' dir='ltr'><strong>veneno</strong></span> <span class='ocrx_word' id='word_1_497' title='bbox 2885 2707 2998 2746; x_wconf 74' lang='lat' dir='ltr'><strong>sua:</strong></span> <span class='ocrx_word' id='word_1_498' title='bbox 3018 2691 3291 2747; x_wconf 68' lang='lat' dir='ltr'><strong>haereseos</strong></span> <span class='ocrx_word' id='word_1_499' title='bbox 3320 2690 3572 2746; x_wconf 79' lang='lat' dir='ltr'><strong>inﬁcere.</strong></span> 
     </span>
    </p>
   </div>
   <div class='ocr_carea' id='block_1_72' title="bbox 2291 2779 3816 2854">
    <p class='ocr_par' dir='ltr' id='par_1_72' title="bbox 2291 2779 3816 2854">
     <span class='ocr_line' id='line_1_72' title="bbox 2291 2779 3816 2854; baseline 0.001 -19"><span class='ocrx_word' id='word_1_500' title='bbox 2291 2779 2406 2836; x_wconf 62' lang='grc' dir='ltr'><strong>ΥΠ.</strong></span> <span class='ocrx_word' id='word_1_501' title='bbox 2449 2779 2603 2838; x_wconf 87' lang='lat' dir='ltr'><strong>Unde</strong></span> <span class='ocrx_word' id='word_1_502' title='bbox 2627 2783 2956 2839; x_wconf 89' lang='lat' dir='ltr'><strong>venerabilis</strong></span> <span class='ocrx_word' id='word_1_503' title='bbox 2978 2799 3117 2854; x_wconf 86' lang='lat' dir='ltr'><strong>papa</strong></span> <span class='ocrx_word' id='word_1_504' title='bbox 3157 2783 3492 2850; x_wconf 77' lang='lat' dir='ltr'><strong>Alexander,</strong></span> <span class='ocrx_word' id='word_1_505' title='bbox 3527 2799 3816 2840; x_wconf 83' lang='lat' dir='ltr'><strong>successor</strong></span> 
     </span>
    </p>
   </div>
   <div class='ocr_carea' id='block_1_73' title="bbox 2219 2869 3814 2946">
    <p class='ocr_par' dir='ltr' id='par_1_73' title="bbox 2219 2869 3814 2946">
     <span class='ocr_line' id='line_1_73' title="bbox 2219 2869 3814 2946; baseline 0.001 -20"><span class='ocrx_word' id='word_1_506' title='bbox 2219 2869 2430 2928; x_wconf 87' lang='lat' dir='ltr'><strong>Nicolai</strong></span> <span class='ocrx_word' id='word_1_507' title='bbox 2475 2889 2651 2946; x_wconf 67' lang='lat' dir='ltr'><strong>papae,</strong></span> <span class='ocrx_word' id='word_1_508' title='bbox 2683 2875 2881 2932; x_wconf 88' lang='lat' dir='ltr'><strong>litteris</strong></span> <span class='ocrx_word' id='word_1_509' title='bbox 2914 2891 3042 2931; x_wconf 90' lang='lat' dir='ltr'><strong>eum</strong></span> <span class='ocrx_word' id='word_1_510' title='bbox 3088 2875 3224 2932; x_wconf 90' lang='lat' dir='ltr'><strong>satis</strong></span> <span class='ocrx_word' id='word_1_511' title='bbox 3263 2875 3443 2930; x_wconf 86' lang='lat' dir='ltr'><strong>amice</strong></span> <span class='ocrx_word' id='word_1_512' title='bbox 3487 2877 3814 2946; x_wconf 72' lang='lat' dir='ltr'><strong>prmouuit</strong></span> 
     </span>
    </p>
   </div>
   <div class='ocr_carea' id='block_1_74' title="bbox 2222 2967 3809 3038">
    <p class='ocr_par' dir='ltr' id='par_1_74' title="bbox 2222 2967 3809 3038">
     <span class='ocr_line' id='line_1_74' title="bbox 2222 2967 3809 3038; baseline 0.002 -18"><span class='ocrx_word' id='word_1_513' title='bbox 2222 2973 2332 3021; x_wconf 93' lang='lat' dir='ltr'><strong>uta</strong></span> <span class='ocrx_word' id='word_1_514' title='bbox 2357 2974 2504 3022; x_wconf 91' lang='lat' dir='ltr'><strong>secta</strong></span> <span class='ocrx_word' id='word_1_515' title='bbox 2532 2983 2630 3023; x_wconf 87' lang='lat' dir='ltr'><strong>sua</strong></span> <span class='ocrx_word' id='word_1_516' title='bbox 2654 2977 2916 3035; x_wconf 88' lang='lat' dir='ltr'><strong>cessaret,</strong></span> <span class='ocrx_word' id='word_1_517' title='bbox 2944 2983 3046 3024; x_wconf 90' lang='lat' dir='ltr'><strong>nec</strong></span> <span class='ocrx_word' id='word_1_518' title='bbox 3082 2967 3318 3038; x_wconf 90' lang='lat' dir='ltr'><strong>amplius</strong></span> <span class='ocrx_word' id='word_1_519' title='bbox 3343 2976 3604 3022; x_wconf 84' lang='lat' dir='ltr'><strong>sanctam</strong></span> <span class='ocrx_word' id='word_1_520' title='bbox 3635 2967 3809 3023; x_wconf 76' lang='lat' dir='ltr'><strong>Eccle-</strong></span> 
     </span>
    </p>
   </div>
   <div class='ocr_carea' id='block_1_75' title="bbox 2143 3058 3813 3160">
    <p class='ocr_par' dir='ltr' id='par_1_75' title="bbox 2143 3058 3813 3160">
     <span class='ocr_line' id='line_1_75' title="bbox 2143 3058 3813 3160; baseline 0.002 -47"><span class='ocrx_word' id='word_1_521' title='bbox 2143 3097 2188 3160; x_wconf 66' lang='grc' dir='ltr'>ο</span> <span class='ocrx_word' id='word_1_522' title='bbox 2221 3058 2360 3113; x_wconf 84' lang='lat' dir='ltr'><strong>siam</strong></span> <span class='ocrx_word' id='word_1_523' title='bbox 2391 3059 2807 3116; x_wconf 84' lang='lat' dir='ltr'><strong>scaudalizaret.</strong></span> <span class='ocrx_word' id='word_1_524' title='bbox 2837 3059 2931 3116; x_wconf 91' lang='lat' dir='ltr'><strong>llle</strong></span> <span class='ocrx_word' id='word_1_525' title='bbox 2965 3069 3148 3160; x_wconf 78' lang='lat' dir='ltr'><strong>autem</strong></span> <span class='ocrx_word' id='word_1_526' title='bbox 3181 3060 3250 3115; x_wconf 91' lang='lat' dir='ltr'><strong>ab</strong></span> <span class='ocrx_word' id='word_1_527' title='bbox 3556 3061 3813 3160; x_wconf 72' lang='lat' dir='ltr'><strong>desistere</strong></span> 
     </span>
    </p>
   </div>
   <div class='ocr_carea' id='block_1_76' title="bbox 2219 3150 3814 3224">
    <p class='ocr_par' dir='ltr' id='par_1_76' title="bbox 2219 3150 3814 3224">
     <span class='ocr_line' id='line_1_76' title="bbox 2219 3150 3814 3224; baseline 0.003 -20"><span class='ocrx_word' id='word_1_528' title='bbox 2219 3150 2415 3218; x_wconf 88' lang='lat' dir='ltr'><strong>noluit,</strong></span> <span class='ocrx_word' id='word_1_529' title='bbox 2446 3152 2660 3224; x_wconf 89' lang='lat' dir='ltr'><strong>hocque</strong></span> <span class='ocrx_word' id='word_1_530' title='bbox 2684 3153 2866 3224; x_wconf 86' lang='lat' dir='ltr'><strong>ipsum</strong></span> <span class='ocrx_word' id='word_1_531' title='bbox 2901 3152 3077 3210; x_wconf 86' lang='lat' dir='ltr'><strong>eidem</strong></span> <span class='ocrx_word' id='word_1_532' title='bbox 3107 3152 3409 3224; x_wconf 86' lang='lat' dir='ltr'><strong>apostolico</strong></span> <span class='ocrx_word' id='word_1_533' title='bbox 3449 3153 3660 3210; x_wconf 87' lang='lat' dir='ltr'><strong>litteris</strong></span> <span class='ocrx_word' id='word_1_534' title='bbox 3706 3153 3814 3209; x_wconf 74' lang='lat' dir='ltr'><strong>suis</strong></span> 
     </span>
    </p>
   </div>
   <div class='ocr_carea' id='block_1_77' title="bbox 2219 3244 3124 3318">
    <p class='ocr_par' dir='ltr' id='par_1_77' title="bbox 2219 3244 3124 3318">
     <span class='ocr_line' id='line_1_77' title="bbox 2219 3244 3124 3318; baseline -0.001 -18"><span class='ocrx_word' id='word_1_535' title='bbox 2219 3245 2542 3300; x_wconf 86' lang='lat' dir='ltr'><strong>remandare</strong></span> <span class='ocrx_word' id='word_1_536' title='bbox 2564 3261 2671 3302; x_wconf 93' lang='lat' dir='ltr'><strong>non</strong></span> <span class='ocrx_word' id='word_1_537' title='bbox 2706 3245 2892 3302; x_wconf 91' lang='lat' dir='ltr'><strong>timuit</strong></span> <span class='ocrx_word' id='word_1_538' title='bbox 2917 3244 3124 3318; x_wconf 70' lang='grc'><strong>(1181).</strong></span> 
     </span>
    </p>
   </div>
   <div class='ocr_carea' id='block_1_78' title="bbox 2289 3333 3808 3410">
    <p class='ocr_par' dir='ltr' id='par_1_78' title="bbox 2289 3333 3808 3410">
     <span class='ocr_line' id='line_1_78' title="bbox 2289 3333 3808 3410; baseline 0.004 -21"><span class='ocrx_word' id='word_1_539' title='bbox 2289 3333 2425 3410; x_wconf 77' lang='lat' dir='ltr'><strong>Vlll.</strong></span> <span class='ocrx_word' id='word_1_540' title='bbox 2447 3334 2792 3408; x_wconf 84' lang='lat' dir='ltr'><strong>Quapropter</strong></span> <span class='ocrx_word' id='word_1_541' title='bbox 2815 3337 3294 3394; x_wconf 86' lang='lat' dir='ltr'><strong>reverentissimus</strong></span> <span class='ocrx_word' id='word_1_542' title='bbox 3321 3353 3465 3408; x_wconf 88' lang='lat' dir='ltr'><strong>papa</strong></span> <span class='ocrx_word' id='word_1_543' title='bbox 3488 3337 3808 3410; x_wconf 72' lang='lat' dir='ltr'><strong>Gregorius,</strong></span> 
     </span>
    </p>
   </div>
   <div class='ocr_carea' id='block_1_79' title="bbox 2217 3409 3814 3502">
    <p class='ocr_par' dir='ltr' id='par_1_79' title="bbox 2217 3409 3814 3502">
     <span class='ocr_line' id='line_1_79' title="bbox 2217 3409 3814 3502; baseline 0.003 -20"><span class='ocrx_word' id='word_1_544' title='bbox 2217 3409 2504 3486; x_wconf 83' lang='lat' dir='ltr'><strong>successor</strong></span> <span class='ocrx_word' id='word_1_545' title='bbox 2532 3429 2844 3498; x_wconf 79' lang='lat' dir='ltr'><strong>Alexandri,</strong></span> <span class='ocrx_word' id='word_1_546' title='bbox 2869 3429 3069 3486; x_wconf 88' lang='lat' dir='ltr'><strong>iterum</strong></span> <span class='ocrx_word' id='word_1_547' title='bbox 3115 3428 3290 3484; x_wconf 89' lang='lat' dir='ltr'><strong>eidem</strong></span> <span class='ocrx_word' id='word_1_548' title='bbox 3339 3427 3672 3502; x_wconf 74' lang='lat' dir='ltr'><strong>Beringeﬁo</strong></span> <span class='ocrx_word' id='word_1_549' title='bbox 3714 3447 3814 3487; x_wconf 70' lang='lat' dir='ltr'><strong>an-</strong></span> 
     </span>
    </p>
   </div>
   <div class='ocr_carea' id='block_1_80' title="bbox 2215 3519 3810 3595">
    <p class='ocr_par' dir='ltr' id='par_1_80' title="bbox 2215 3519 3810 3595">
     <span class='ocr_line' id='line_1_80' title="bbox 2215 3519 3810 3595; baseline 0.003 -21"><span class='ocrx_word' id='word_1_550' title='bbox 2215 3519 2476 3576; x_wconf 88' lang='lat' dir='ltr'><strong>dientiam</strong></span> <span class='ocrx_word' id='word_1_551' title='bbox 2505 3521 2559 3576; x_wconf 90' lang='lat' dir='ltr'><strong>in</strong></span> <span class='ocrx_word' id='word_1_552' title='bbox 2583 3520 2799 3578; x_wconf 87' lang='lat' dir='ltr'><strong>duabus</strong></span> <span class='ocrx_word' id='word_1_553' title='bbox 2813 3521 3036 3595; x_wconf 84' lang='lat' dir='ltr'><strong>synodis</strong></span> <span class='ocrx_word' id='word_1_554' title='bbox 3046 3519 3392 3594; x_wconf 77' lang='lat' dir='ltr'><strong>generalibus</strong></span> <span class='ocrx_word' id='word_1_555' title='bbox 3411 3521 3610 3578; x_wconf 72' lang='lat' dir='ltr'><strong>nonne</strong></span> <span class='ocrx_word' id='word_1_556' title='bbox 3629 3521 3810 3594; x_wconf 69' lang='lat' dir='ltr'><strong>(H85)</strong></span> 
     </span>
    </p>
   </div>
   <div class='ocr_carea' id='block_1_81' title="bbox 2215 3611 3808 3685">
    <p class='ocr_par' dir='ltr' id='par_1_81' title="bbox 2215 3611 3808 3685">
     <span class='ocr_line' id='line_1_81' title="bbox 2215 3611 3808 3685; baseline 0.003 -19"><span class='ocrx_word' id='word_1_557' title='bbox 2215 3613 2508 3668; x_wconf 88' lang='lat' dir='ltr'><strong>concessit.</strong></span> <span class='ocrx_word' id='word_1_558' title='bbox 2562 3611 2668 3669; x_wconf 90' lang='lat' dir='ltr'><strong>Sed</strong></span> <span class='ocrx_word' id='word_1_559' title='bbox 2709 3630 2838 3670; x_wconf 90' lang='lat' dir='ltr'><strong>cum</strong></span> <span class='ocrx_word' id='word_1_560' title='bbox 2879 3613 2997 3685; x_wconf 87' lang='lat' dir='ltr'><strong>ipse</strong></span> <span class='ocrx_word' id='word_1_561' title='bbox 3046 3623 3254 3670; x_wconf 86' lang='lat' dir='ltr'><strong>sectam</strong></span> <span class='ocrx_word' id='word_1_562' title='bbox 3312 3628 3476 3669; x_wconf 90' lang='lat' dir='ltr'><strong>suam</strong></span> <span class='ocrx_word' id='word_1_563' title='bbox 3523 3615 3808 3671; x_wconf 66' lang='lat' dir='ltr'><strong>catholica</strong></span> 
     </span>
    </p>
   </div>
   <div class='ocr_carea' id='block_1_82' title="bbox 2215 3705 3810 3777">
    <p class='ocr_par' dir='ltr' id='par_1_82' title="bbox 2215 3705 3810 3777">
     <span class='ocr_line' id='line_1_82' title="bbox 2215 3705 3810 3777; baseline 0.004 -18"><span class='ocrx_word' id='word_1_564' title='bbox 2215 3705 2339 3760; x_wconf 80' lang='lat' dir='ltr'><strong>fidei</strong></span> <span class='ocrx_word' id='word_1_565' title='bbox 2382 3706 2716 3761; x_wconf 86' lang='lat' dir='ltr'><strong>contrariam</strong></span> <span class='ocrx_word' id='word_1_566' title='bbox 2767 3707 3035 3777; x_wconf 78' lang='lat' dir='ltr'><strong>denegare</strong></span> <span class='ocrx_word' id='word_1_567' title='bbox 3063 3721 3173 3760; x_wconf 90' lang='lat' dir='ltr'><strong>non</strong></span> <span class='ocrx_word' id='word_1_568' title='bbox 3206 3714 3418 3776; x_wconf 83' lang='lat' dir='ltr'><strong>posset,</strong></span> <span class='ocrx_word' id='word_1_569' title='bbox 3454 3706 3665 3765; x_wconf 82' lang='lat' dir='ltr'><strong>iterum</strong></span> <span class='ocrx_word' id='word_1_570' title='bbox 3709 3707 3810 3764; x_wconf 71' lang='lat' dir='ltr'><strong>sub</strong></span> 
     </span>
    </p>
   </div>
   <div class='ocr_carea' id='block_1_83' title="bbox 2207 3795 3806 3866">
    <p class='ocr_par' dir='ltr' id='par_1_83' title="bbox 2207 3795 3806 3866">
     <span class='ocr_line' id='line_1_83' title="bbox 2207 3795 3806 3866; baseline 0.003 -16"><span class='ocrx_word' id='word_1_571' title='bbox 2207 3795 2524 3866; x_wconf 87' lang='lat' dir='ltr'><strong>juramento</strong></span> <span class='ocrx_word' id='word_1_572' title='bbox 2562 3796 2810 3852; x_wconf 86' lang='lat' dir='ltr'><strong>eamdem</strong></span> <span class='ocrx_word' id='word_1_573' title='bbox 2853 3797 3130 3863; x_wconf 79' lang='lat' dir='ltr'><strong>abdicare,</strong></span> <span class='ocrx_word' id='word_1_574' title='bbox 3175 3805 3230 3852; x_wconf 82' lang='lat' dir='ltr'><strong>et</strong></span> <span class='ocrx_word' id='word_1_575' title='bbox 3263 3795 3430 3852; x_wconf 77' lang='lat' dir='ltr'><strong>ﬁdem</strong></span> <span class='ocrx_word' id='word_1_576' title='bbox 3478 3798 3806 3855; x_wconf 76' lang='lat' dir='ltr'><strong>catholicam</strong></span> 
     </span>
    </p>
   </div>
   <div class='ocr_carea' id='block_1_84' title="bbox 2211 3887 3804 3962">
    <p class='ocr_par' dir='ltr' id='par_1_84' title="bbox 2211 3887 3804 3962">
     <span class='ocr_line' id='line_1_84' title="bbox 2211 3887 3804 3962; baseline 0.003 -19"><span class='ocrx_word' id='word_1_577' title='bbox 2211 3888 2454 3958; x_wconf 85' lang='lat' dir='ltr'><strong>profiteri</strong></span> <span class='ocrx_word' id='word_1_578' title='bbox 2478 3887 2698 3962; x_wconf 79' lang='lat' dir='ltr'><strong>delegit,</strong></span> <span class='ocrx_word' id='word_1_579' title='bbox 2741 3889 2886 3946; x_wconf 87' lang='lat' dir='ltr'><strong>sicut</strong></span> <span class='ocrx_word' id='word_1_580' title='bbox 2913 3889 2967 3945; x_wconf 90' lang='lat' dir='ltr'><strong>in</strong></span> <span class='ocrx_word' id='word_1_581' title='bbox 2997 3889 3378 3960; x_wconf 87' lang='lat' dir='ltr'><strong>superioribus</strong></span> <span class='ocrx_word' id='word_1_582' title='bbox 3425 3890 3690 3948; x_wconf 83' lang='lat' dir='ltr'><strong>conciliis</strong></span> <span class='ocrx_word' id='word_1_583' title='bbox 3727 3891 3804 3947; x_wconf 74' lang='lat' dir='ltr'><strong>fe-</strong></span> 
     </span>
    </p>
   </div>
   <div class='ocr_carea' id='block_1_85' title="bbox 2211 3981 3480 4036">
    <p class='ocr_par' dir='ltr' id='par_1_85' title="bbox 2211 3981 3480 4036">
     <span class='ocr_line' id='line_1_85' title="bbox 2211 3981 3480 4036; baseline 0.006 -2"><span class='ocrx_word' id='word_1_584' title='bbox 2211 3981 2305 4036; x_wconf 91' lang='lat' dir='ltr'><strong>cit.</strong></span> <span class='ocrx_word' id='word_1_585' title='bbox 2429 4017 2434 4022; x_wconf 90' lang='lat'><strong>-</strong></span> <span class='ocrx_word' id='word_1_586' title='bbox 3469 3987 3480 3994; x_wconf 77' lang='grc'><em>’</em></span> 
     </span>
    </p>
   </div>
   <div class='ocr_carea' id='block_1_86' title="bbox 2281 4071 3806 4146">
    <p class='ocr_par' dir='ltr' id='par_1_86' title="bbox 2281 4071 3806 4146">
     <span class='ocr_line' id='line_1_86' title="bbox 2281 4071 3806 4146; baseline 0.004 -22"><span class='ocrx_word' id='word_1_587' title='bbox 2281 4071 2373 4126; x_wconf 77' lang='lat' dir='ltr'><strong>IX.</strong></span> <span class='ocrx_word' id='word_1_588' title='bbox 2413 4071 2520 4129; x_wconf 83' lang='lat' dir='ltr'><strong>Tot</strong></span> <span class='ocrx_word' id='word_1_589' title='bbox 2562 4074 2730 4144; x_wconf 79' lang='lat' dir='ltr'><strong>igitur</strong></span> <span class='ocrx_word' id='word_1_590' title='bbox 2763 4073 3012 4129; x_wconf 89' lang='lat' dir='ltr'><strong>conciliis</strong></span> <span class='ocrx_word' id='word_1_591' title='bbox 3055 4073 3507 4146; x_wconf 82' lang='lat' dir='ltr'><strong>Beringerianam</strong></span> <span class='ocrx_word' id='word_1_592' title='bbox 3551 4076 3806 4134; x_wconf 62' lang='lat' dir='ltr'><strong>heresin</strong></span> 
     </span>
    </p>
   </div>
   <div class='ocr_carea' id='block_1_87' title="bbox 2209 4162 3802 4237">
    <p class='ocr_par' dir='ltr' id='par_1_87' title="bbox 2209 4162 3802 4237">
     <span class='ocr_line' id='line_1_87' title="bbox 2209 4162 3802 4237; baseline 0.003 -19"><span class='ocrx_word' id='word_1_593' title='bbox 2209 4162 2524 4220; x_wconf 84' lang='lat' dir='ltr'><strong>damnatam</strong></span> <span class='ocrx_word' id='word_1_594' title='bbox 2556 4165 2902 4237; x_wconf 86' lang='lat' dir='ltr'><strong>percepimus</strong></span> <span class='ocrx_word' id='word_1_595' title='bbox 2922 4175 3038 4221; x_wconf 89' lang='lat' dir='ltr'><strong>tum</strong></span> <span class='ocrx_word' id='word_1_596' title='bbox 3059 4181 3128 4222; x_wconf 83' lang='lat' dir='ltr'><strong>ex</strong></span> <span class='ocrx_word' id='word_1_597' title='bbox 3154 4165 3395 4222; x_wconf 81' lang='lat' dir='ltr'><strong>fidelium</strong></span> <span class='ocrx_word' id='word_1_598' title='bbox 3423 4167 3702 4223; x_wconf 78' lang='lat' dir='ltr'><strong>relatiOne</strong></span> <span class='ocrx_word' id='word_1_599' title='bbox 3726 4168 3802 4222; x_wconf 80' lang='lat' dir='ltr'><strong>vi-</strong></span> 
     </span>
    </p>
   </div>
   <div class='ocr_carea' id='block_1_88' title="bbox 2209 4256 3804 4326">
    <p class='ocr_par' dir='ltr' id='par_1_88' title="bbox 2209 4256 3804 4326">
     <span class='ocr_line' id='line_1_88' title="bbox 2209 4256 3804 4326; baseline 0.003 -16"><span class='ocrx_word' id='word_1_600' title='bbox 2209 4271 2421 4324; x_wconf 89' lang='lat' dir='ltr'><strong>rorum,</strong></span> <span class='ocrx_word' id='word_1_601' title='bbox 2469 4257 2566 4326; x_wconf 94' lang='lat' dir='ltr'><strong>qui</strong></span> <span class='ocrx_word' id='word_1_602' title='bbox 2606 4257 2814 4312; x_wconf 90' lang='lat' dir='ltr'><strong>eisdem</strong></span> <span class='ocrx_word' id='word_1_603' title='bbox 2849 4257 3101 4313; x_wconf 89' lang='lat' dir='ltr'><strong>conciliis</strong></span> <span class='ocrx_word' id='word_1_604' title='bbox 3139 4256 3537 4324; x_wconf 79' lang='lat' dir='ltr'><strong>interfuerunt,</strong></span> <span class='ocrx_word' id='word_1_605' title='bbox 3573 4268 3693 4315; x_wconf 85' lang='lat' dir='ltr'><strong>tum</strong></span> <span class='ocrx_word' id='word_1_606' title='bbox 3737 4274 3804 4315; x_wconf 78' lang='lat' dir='ltr'><strong>ex</strong></span> 
     </span>
    </p>
   </div>
   <div class='ocr_carea' id='block_1_89' title="bbox 2209 4347 3800 4420">
    <p class='ocr_par' dir='ltr' id='par_1_89' title="bbox 2209 4347 3800 4420">
     <span class='ocr_line' id='line_1_89' title="bbox 2209 4347 3800 4420; baseline 0.003 -18"><span class='ocrx_word' id='word_1_607' title='bbox 2209 4347 2428 4418; x_wconf 83' lang='lat' dir='ltr'><strong>scriptis</strong></span> <span class='ocrx_word' id='word_1_608' title='bbox 2472 4349 2852 4420; x_wconf 78' lang='lat' dir='ltr'><strong>religiosorum</strong></span> <span class='ocrx_word' id='word_1_609' title='bbox 2895 4350 3165 4416; x_wconf 85' lang='lat' dir='ltr'><strong>virorum,</strong></span> <span class='ocrx_word' id='word_1_610' title='bbox 3206 4349 3304 4420; x_wconf 79' lang='lat' dir='ltr'><strong>qui</strong></span> <span class='ocrx_word' id='word_1_611' title='bbox 3349 4349 3422 4404; x_wconf 85' lang='lat' dir='ltr'><strong>de</strong></span> <span class='ocrx_word' id='word_1_612' title='bbox 3467 4350 3562 4406; x_wconf 85' lang='lat' dir='ltr'><strong>his</strong></span> <span class='ocrx_word' id='word_1_613' title='bbox 3597 4351 3800 4406; x_wconf 77' lang='lat' dir='ltr'><strong>ﬁdelis-</strong></span> 
     </span>
    </p>
   </div>
   <div class='ocr_carea' id='block_1_90' title="bbox 513 4410 3798 4512">
    <p class='ocr_par' dir='ltr' id='par_1_90' title="bbox 513 4410 3798 4512">
     <span class='ocr_line' id='line_1_90' title="bbox 513 4410 3798 4512; baseline 0.012 -47"><span class='ocrx_word' id='word_1_614' title='bbox 513 4410 630 4467; x_wconf 79' lang='lat' dir='ltr'><strong>s‘uis</strong></span> <span class='ocrx_word' id='word_1_615' title='bbox 651 4421 858 4470; x_wconf 84' lang='lat' dir='ltr'><strong>aeterno</strong></span> <span class='ocrx_word' id='word_1_616' title='bbox 877 4419 1226 4477; x_wconf 84' lang='lat' dir='ltr'><strong>anathemate</strong></span> <span class='ocrx_word' id='word_1_617' title='bbox 1251 4421 1445 4494; x_wconf 73' lang='lat' dir='ltr'><strong>dignos</strong></span> <span class='ocrx_word' id='word_1_618' title='bbox 1467 4440 1588 4480; x_wconf 86' lang='lat' dir='ltr'><strong>esse</strong></span> <span class='ocrx_word' id='word_1_619' title='bbox 1608 4427 1924 4496; x_wconf 88' lang='lat' dir='ltr'><strong>pronuntio.</strong></span> <span class='ocrx_word' id='word_1_620' title='bbox 1950 4427 2106 4496; x_wconf 85' lang='lat' dir='ltr'><strong>Quod</strong></span> <span class='ocrx_word' id='word_1_621' title='bbox 2138 4443 2186 4502; x_wconf 79' lang='grc' dir='ltr'>υ</span> <span class='ocrx_word' id='word_1_622' title='bbox 2212 4410 2350 4496; x_wconf 46' lang='lat' dir='ltr'><strong>sim;</strong></span> <span class='ocrx_word' id='word_1_623' title='bbox 2385 4410 2742 4512; x_wconf 53' lang='lat' dir='ltr'><strong>scripserunt.</strong></span> <span class='ocrx_word' id='word_1_624' title='bbox 2783 4439 2920 4497; x_wconf 85' lang='lat' dir='ltr'><strong>Nam</strong></span> <span class='ocrx_word' id='word_1_625' title='bbox 2941 4441 3131 4498; x_wconf 86' lang='lat' dir='ltr'><strong>eadem</strong></span> <span class='ocrx_word' id='word_1_626' title='bbox 3159 4410 3395 4498; x_wconf 75' lang='lat' dir='ltr'><strong>concilia</strong></span> <span class='ocrx_word' id='word_1_627' title='bbox 3426 4443 3642 4500; x_wconf 84' lang='lat' dir='ltr'><strong>nostris</strong></span> <span class='ocrx_word' id='word_1_628' title='bbox 3662 4452 3798 4498; x_wconf 77' lang='lat' dir='ltr'><strong>tem-</strong></span> 
     </span>
    </p>
   </div>
   <div class='ocr_carea' id='block_1_91' title="bbox 583 4633 2101 4725">
    <p class='ocr_par' dir='ltr' id='par_1_91' title="bbox 583 4633 2101 4725">
     <span class='ocr_line' id='line_1_91' title="bbox 583 4633 2101 4725; baseline -0.001 0"><span class='ocrx_word' id='word_1_629' title='bbox 583 4633 770 4725; x_wconf 55' lang='grc' dir='ltr'><strong>ξέέθρ)</strong></span> <span class='ocrx_word' id='word_1_630' title='bbox 811 4635 1084 4725; x_wconf 48' lang='grc' dir='ltr'><strong>ἓθδΒηηο</strong></span> <span class='ocrx_word' id='word_1_631' title='bbox 1112 4641 1258 4725; x_wconf 61' lang='grc' dir='ltr'><strong>ίθεέδ.</strong></span> <span class='ocrx_word' id='word_1_632' title='bbox 1288 4660 1399 4715; x_wconf 61' lang='lat' dir='ltr'><strong>quo</strong></span> <span class='ocrx_word' id='word_1_633' title='bbox 1427 4647 1557 4725; x_wconf 66' lang='grc' dir='ltr'><strong>Ιιωςξ,</strong></span> <span class='ocrx_word' id='word_1_634' title='bbox 1581 4651 1784 4725; x_wconf 64' lang='lat' dir='ltr'><strong>scripta</strong></span> <span class='ocrx_word' id='word_1_635' title='bbox 1815 4662 1964 4721; x_wconf 69' lang='lat' dir='ltr'><strong>sum.</strong></span> <span class='ocrx_word' id='word_1_636' title='bbox 1986 4653 2101 4725; x_wconf 80' lang='lat' dir='ltr'><strong>iam</strong></span> 
     </span>
    </p>
   </div>
   <div class='ocr_carea' id='block_1_92' title="bbox 508 4704 2099 4795">
    <p class='ocr_par' dir='ltr' id='par_1_92' title="bbox 508 4704 2099 4795">
     <span class='ocr_line' id='line_1_92' title="bbox 508 4704 2099 4795; baseline 0.009 -31"><span class='ocrx_word' id='word_1_637' title='bbox 508 4704 634 4761; x_wconf 78' lang='lat' dir='ltr'><strong>defu</strong></span> <span class='ocrx_word' id='word_1_638' title='bbox 816 4706 892 4762; x_wconf 84' lang='lat' dir='ltr'><strong>De</strong></span> <span class='ocrx_word' id='word_1_639' title='bbox 905 4708 1219 4795; x_wconf 57' lang='lat' dir='ltr'><strong>Iuronensi</strong></span> <span class='ocrx_word' id='word_1_640' title='bbox 1243 4704 1598 4795; x_wconf 73' lang='lat' dir='ltr'><strong>boc_concilio</strong></span> <span class='ocrx_word' id='word_1_641' title='bbox 1614 4704 1724 4777; x_wconf 52' lang='lat' dir='ltr'><strong>vidr.</strong></span> <span class='ocrx_word' id='word_1_642' title='bbox 1739 4704 2099 4795; x_wconf 50' lang='lat' dir='ltr'><strong>ia‘biil&#39;ﬁf,</strong></span> 
     </span>
    </p>
   </div>
   <div class='ocr_carea' id='block_1_93' title="bbox 507 4776 2103 4865">
    <p class='ocr_par' dir='ltr' id='par_1_93' title="bbox 507 4776 2103 4865">
     <span class='ocr_line' id='line_1_93' title="bbox 507 4776 2103 4865; baseline 0.001 -31"><span class='ocrx_word' id='word_1_643' title='bbox 507 4776 877 4865; x_wconf 49' lang='lat' dir='ltr'><strong>pag._l98,_er</strong></span> <span class='ocrx_word' id='word_1_644' title='bbox 901 4779 1240 4840; x_wconf 83' lang='lat' dir='ltr'><strong>Guitmundo</strong></span> <span class='ocrx_word' id='word_1_645' title='bbox 1269 4797 1322 4865; x_wconf 72' lang='lat' dir='ltr'><strong>et</strong></span> <span class='ocrx_word' id='word_1_646' title='bbox 1351 4776 1687 4865; x_wconf 16' lang='lat' dir='ltr'><strong>Lalifraneo,’</strong></span> <span class='ocrx_word' id='word_1_647' title='bbox 1715 4776 1918 4865; x_wconf 48' lang='lat' dir='ltr'><strong>auida};</strong></span> <span class='ocrx_word' id='word_1_648' title='bbox 1947 4776 2103 4852; x_wconf 59' lang='grc' dir='ltr'><strong>’έέί-ἷζ</strong></span> 
     </span>
    </p>
   </div>
   <div class='ocr_carea' id='block_1_94' title="bbox 509 4851 2101 4974">
    <p class='ocr_par' dir='ltr' id='par_1_94' title="bbox 509 4851 2101 4974">
     <span class='ocr_line' id='line_1_94' title="bbox 509 4851 2101 4974; baseline 0.016 -76"><span class='ocrx_word' id='word_1_649' title='bbox 509 4851 956 4974; x_wconf 47' lang='grc' dir='ltr'><strong>ξξὶῗῖεῆὃὲἓείηις</strong></span> <span class='ocrx_word' id='word_1_650' title='bbox 987 4867 1089 4909; x_wconf 90' lang='lat' dir='ltr'><strong>nec</strong></span> <span class='ocrx_word' id='word_1_651' title='bbox 1117 4871 1226 4910; x_wconf 93' lang='lat' dir='ltr'><strong>non</strong></span> <span class='ocrx_word' id='word_1_652' title='bbox 1273 4857 1575 4917; x_wconf 83' lang='lat' dir='ltr'><strong>Bernoldus</strong></span> <span class='ocrx_word' id='word_1_653' title='bbox 1609 4851 1677 4917; x_wconf 51' lang='lat' dir='ltr'><strong>in&#39;</strong></span> <span class='ocrx_word' id='word_1_654' title='bbox 1713 4851 1980 4922; x_wconf 76' lang='lat' dir='ltr'><strong>chronico</strong></span> <span class='ocrx_word' id='word_1_655' title='bbox 2006 4851 2101 4923; x_wconf 81' lang='lat' dir='ltr'><strong>ad</strong></span> 
     </span>
    </p>
   </div>
   <div class='ocr_carea' id='block_1_95' title="bbox 548 4986 2103 5070">
    <p class='ocr_par' dir='ltr' id='par_1_95' title="bbox 548 4986 2103 5070">
     <span class='ocr_line' id='line_1_95' title="bbox 548 4986 2103 5070; baseline 0.015 -31"><span class='ocrx_word' id='word_1_656' title='bbox 548 5055 560 5068; x_wconf 80' lang='lat'>_</span> <span class='ocrx_word' id='word_1_657' title='bbox 578 4986 764 5070; x_wconf 60' lang='grc'><strong>(1181)</strong></span> <span class='ocrx_word' id='word_1_658' title='bbox 807 4989 1048 5070; x_wconf 40' lang='grc' dir='ltr'><strong>δοῐιεειξιλ</strong></span> <span class='ocrx_word' id='word_1_659' title='bbox 1066 4993 1224 5070; x_wconf 63' lang='lat'><strong>1059,</strong></span> <span class='ocrx_word' id='word_1_660' title='bbox 1253 5001 1506 5068; x_wconf 87' lang='lat' dir='ltr'><strong>quamvis</strong></span> <span class='ocrx_word' id='word_1_661' title='bbox 1530 5000 1828 5059; x_wconf 79' lang='lat' dir='ltr'><strong>Beroaldus</strong></span> <span class='ocrx_word' id='word_1_662' title='bbox 1851 5007 1905 5062; x_wconf 87' lang='lat' dir='ltr'><strong>in</strong></span> <span class='ocrx_word' id='word_1_663' title='bbox 1931 5008 2103 5062; x_wconf 84' lang='lat' dir='ltr'><strong>Chro—</strong></span> 
     </span>
    </p>
   </div>
   <div class='ocr_carea' id='block_1_96' title="bbox 507 5058 2094 5134">
    <p class='ocr_par' dir='ltr' id='par_1_96' title="bbox 507 5058 2094 5134">
     <span class='ocr_line' id='line_1_96' title="bbox 507 5058 2094 5134; baseline 0.016 -26"><span class='ocrx_word' id='word_1_664' title='bbox 507 5058 634 5134; x_wconf 80' lang='lat' dir='ltr'><strong>nico</strong></span> <span class='ocrx_word' id='word_1_665' title='bbox 651 5058 886 5134; x_wconf 72' lang='lat' dir='ltr'><strong>_id__anno</strong></span> <span class='ocrx_word' id='word_1_666' title='bbox 915 5058 1299 5134; x_wconf 76' lang='lat' dir='ltr'><strong>l060primuin</strong></span> <span class='ocrx_word' id='word_1_667' title='bbox 1327 5070 1518 5126; x_wconf 86' lang='lat' dir='ltr'><strong>iisdem</strong></span> <span class='ocrx_word' id='word_1_668' title='bbox 1534 5073 1648 5128; x_wconf 87' lang='lat' dir='ltr'><strong>fere</strong></span> <span class='ocrx_word' id='word_1_669' title='bbox 1676 5058 2094 5134; x_wconf 45' lang='lat' dir='ltr'><strong>verbis—referat.</strong></span> 
     </span>
    </p>
   </div>
   <div class='ocr_carea' id='block_1_97' title="bbox 506 5126 2099 5198">
    <p class='ocr_par' dir='ltr' id='par_1_97' title="bbox 506 5126 2099 5198">
     <span class='ocr_line' id='line_1_97' title="bbox 506 5126 2099 5198; baseline 0.014 -20"><span class='ocrx_word' id='word_1_670' title='bbox 506 5144 530 5198; x_wconf 58' lang='grc' dir='ltr'><strong>ς</strong></span> <span class='ocrx_word' id='word_1_671' title='bbox 579 5126 767 5197; x_wconf 70' lang='grc'><strong>(1482)</strong></span> <span class='ocrx_word' id='word_1_672' title='bbox 803 5126 1183 5190; x_wconf 67' lang='lat' dir='ltr'><strong>Juv-amentum</strong></span> <span class='ocrx_word' id='word_1_673' title='bbox 1210 5137 1350 5194; x_wconf 75' lang='lat' dir='ltr'><strong>istud</strong></span> <span class='ocrx_word' id='word_1_674' title='bbox 1383 5142 1548 5196; x_wconf 60' lang='lat' dir='ltr'><strong>etiam</strong></span> <span class='ocrx_word' id='word_1_675' title='bbox 1567 5126 1821 5198; x_wconf 56' lang='lat' dir='ltr'><strong>refertur</strong></span> <span class='ocrx_word' id='word_1_676' title='bbox 1829 5126 2040 5198; x_wconf 41' lang='lat'><strong>1511.24</strong></span> <span class='ocrx_word' id='word_1_677' title='bbox 2053 5126 2099 5198; x_wconf 60' lang='lat'><strong>2&#39;;</strong></span> 
     </span>
    </p>
   </div>
   <div class='ocr_carea' id='block_1_98' title="bbox 2162 4639 3792 4792">
    <p class='ocr_par' dir='ltr' id='par_1_98' title="bbox 2162 4639 3792 4792">
     <span class='ocr_line' id='line_1_98' title="bbox 2162 4639 3792 4791; baseline 0.002 -75"><span class='ocrx_word' id='word_1_678' title='bbox 2162 4672 2164 4674; x_wconf 76' lang='lat'><strong>&#39;</strong></span> <span class='ocrx_word' id='word_1_679' title='bbox 2207 4639 2386 4728; x_wconf 83' lang='lat' dir='ltr'><strong>stant;</strong></span> <span class='ocrx_word' id='word_1_680' title='bbox 2444 4677 2616 4732; x_wconf 83' lang='lat' dir='ltr'><strong>pauca</strong></span> <span class='ocrx_word' id='word_1_681' title='bbox 2667 4662 2815 4718; x_wconf 90' lang='lat' dir='ltr'><strong>enim</strong></span> <span class='ocrx_word' id='word_1_682' title='bbox 2840 4660 3155 4736; x_wconf 77' lang='lat' dir='ltr'><strong>Berengarii</strong></span> <span class='ocrx_word' id='word_1_683' title='bbox 3186 4664 3392 4736; x_wconf 87' lang='lat' dir='ltr'><strong>scripta</strong></span> <span class='ocrx_word' id='word_1_684' title='bbox 3419 4665 3490 4720; x_wconf 85' lang='lat' dir='ltr'><strong>ad</strong></span> <span class='ocrx_word' id='word_1_685' title='bbox 3521 4681 3630 4722; x_wconf 85' lang='lat' dir='ltr'><strong>nos</strong></span> <span class='ocrx_word' id='word_1_686' title='bbox 3659 4682 3792 4791; x_wconf 56' lang='lat' dir='ltr'><strong>Err-</strong></span> 
     </span>
     <span class='ocr_line' id='line_1_99' title="bbox 2204 4732 3792 4792; baseline 0.004 -8"><span class='ocrx_word' id='word_1_687' title='bbox 2204 4741 2490 4786; x_wconf 88' lang='lat' dir='ltr'><strong>venerunt.</strong></span> <span class='ocrx_word' id='word_1_688' title='bbox 2525 4732 2762 4792; x_wconf 66' lang='lat' dir='ltr'><strong>Legendi</strong></span> <span class='ocrx_word' id='word_1_689' title='bbox 2781 4733 2884 4788; x_wconf 87' lang='lat' dir='ltr'><strong>hac</strong></span> <span class='ocrx_word' id='word_1_690' title='bbox 2907 4735 2974 4790; x_wconf 90' lang='lat' dir='ltr'><strong>de</strong></span> <span class='ocrx_word' id='word_1_691' title='bbox 3003 4751 3061 4789; x_wconf 90' lang='lat' dir='ltr'><strong>re</strong></span> <span class='ocrx_word' id='word_1_692' title='bbox 3081 4733 3290 4791; x_wconf 87' lang='lat' dir='ltr'><strong>Natalis</strong></span> <span class='ocrx_word' id='word_1_693' title='bbox 3309 4735 3627 4791; x_wconf 76' lang='lat' dir='ltr'><strong>Alexander</strong></span> <span class='ocrx_word' id='word_1_694' title='bbox 3705 4739 3792 4792; x_wconf 83' lang='lat' dir='ltr'><strong>ist.</strong></span> 
     </span>
    </p>
   </div>
   <div class='ocr_carea' id='block_1_99' title="bbox 2204 4732 3627 4791">
    <p class='ocr_par' dir='ltr' id='par_1_99' title="bbox 2204 4732 3627 4791">
     <span class='ocr_line' id='line_1_100' title="bbox 2204 4732 3627 4791; baseline 0.005 -7"><span class='ocrx_word' id='word_1_695' title='bbox 2204 4741 2490 4786; x_wconf 88' lang='lat' dir='ltr'><strong>venerunt.</strong></span> <span class='ocrx_word' id='word_1_696' title='bbox 2525 4732 2762 4791; x_wconf 65' lang='lat' dir='ltr'><strong>Legendi</strong></span> <span class='ocrx_word' id='word_1_697' title='bbox 2781 4733 2884 4788; x_wconf 87' lang='lat' dir='ltr'><strong>hac</strong></span> <span class='ocrx_word' id='word_1_698' title='bbox 2907 4735 2974 4790; x_wconf 90' lang='lat' dir='ltr'><strong>de</strong></span> <span class='ocrx_word' id='word_1_699' title='bbox 3003 4732 3061 4789; x_wconf 56' lang='lat' dir='ltr'><strong>r&#39;e</strong></span> <span class='ocrx_word' id='word_1_700' title='bbox 3081 4732 3627 4791; x_wconf 40' lang='lat' dir='ltr'><strong>Natalis—Alexander</strong></span> 
     </span>
    </p>
   </div>
   <div class='ocr_carea' id='block_1_100' title="bbox 2203 4801 3789 4870">
    <p class='ocr_par' dir='ltr' id='par_1_100' title="bbox 2203 4801 3789 4870">
     <span class='ocr_line' id='line_1_101' title="bbox 2203 4801 3789 4870; baseline 0.003 -15"><span class='ocrx_word' id='word_1_701' title='bbox 2203 4803 2399 4858; x_wconf 80' lang='lat' dir='ltr'><strong>eorles.</strong></span> <span class='ocrx_word' id='word_1_702' title='bbox 2426 4818 2552 4858; x_wconf 86' lang='lat' dir='ltr'><strong>saec.</strong></span> <span class='ocrx_word' id='word_1_703' title='bbox 2577 4801 2672 4870; x_wconf 75' lang='lat' dir='ltr'><strong>XI,</strong></span> <span class='ocrx_word' id='word_1_704' title='bbox 2697 4803 2916 4860; x_wconf 88' lang='lat' dir='ltr'><strong>dissert.</strong></span> <span class='ocrx_word' id='word_1_705' title='bbox 2943 4821 2982 4869; x_wconf 85' lang='grc' dir='ltr'><strong>ι,</strong></span> <span class='ocrx_word' id='word_1_706' title='bbox 3008 4803 3225 4860; x_wconf 66' lang='grc' dir='ltr'><strong>Βιιιωυε</strong></span> <span class='ocrx_word' id='word_1_707' title='bbox 3252 4805 3308 4860; x_wconf 92' lang='lat' dir='ltr'><strong>in</strong></span> <span class='ocrx_word' id='word_1_708' title='bbox 3345 4806 3478 4861; x_wconf 88' lang='lat' dir='ltr'><strong>hist.</strong></span> <span class='ocrx_word' id='word_1_709' title='bbox 3505 4807 3789 4863; x_wconf 78' lang='lat' dir='ltr'><strong>universit.</strong></span> 
     </span>
    </p>
   </div>
   <div class='ocr_carea' id='block_1_101' title="bbox 2203 4870 3786 4996">
    <p class='ocr_par' dir='ltr' id='par_1_101' title="bbox 2203 4870 3786 4996">
     <span class='ocr_line' id='line_1_102' title="bbox 2203 4870 3786 4996; baseline 0.003 -70"><span class='ocrx_word' id='word_1_710' title='bbox 2203 4870 2380 4954; x_wconf 55' lang='lat' dir='ltr'><strong>Paris.</strong></span> <span class='ocrx_word' id='word_1_711' title='bbox 2415 4884 2452 4928; x_wconf 93' lang='lat' dir='ltr'><strong>t.</strong></span> <span class='ocrx_word' id='word_1_712' title='bbox 2477 4872 2518 4939; x_wconf 88' lang='grc' dir='ltr'><strong>Ι,</strong></span> <span class='ocrx_word' id='word_1_713' title='bbox 2543 4889 2575 4928; x_wconf 91' lang='lat' dir='ltr'><strong>a</strong></span> <span class='ocrx_word' id='word_1_714' title='bbox 2605 4889 2728 4996; x_wconf 34' lang='lat' dir='ltr'><strong>pag].</strong></span> <span class='ocrx_word' id='word_1_715' title='bbox 2765 4873 2896 4942; x_wconf 71' lang='lat'><strong>405,</strong></span> <span class='ocrx_word' id='word_1_716' title='bbox 2925 4890 2991 4931; x_wconf 83' lang='lat' dir='ltr'><strong>ac</strong></span> <span class='ocrx_word' id='word_1_717' title='bbox 3027 4873 3252 4931; x_wconf 77' lang='lat' dir='ltr'><strong>Rivetus</strong></span> <span class='ocrx_word' id='word_1_718' title='bbox 3275 4875 3624 4934; x_wconf 80' lang='lat' dir='ltr'><strong>Maurianus.</strong></span> <span class='ocrx_word' id='word_1_719' title='bbox 3653 4875 3786 4932; x_wconf 80' lang='lat' dir='ltr'><strong>Hist.</strong></span> 
     </span>
     <span class='ocr_line' id='line_1_103' title="bbox 2203 4943 2819 4996; baseline 0 0"><span class='ocrx_word' id='word_1_720' title='bbox 2203 4943 2367 4996; x_wconf 79' lang='lat' dir='ltr'><strong>litter.</strong></span> <span class='ocrx_word' id='word_1_721' title='bbox 2392 4943 2588 4996; x_wconf 83' lang='lat' dir='ltr'><strong>Franc.</strong></span> <span class='ocrx_word' id='word_1_722' title='bbox 2619 4953 2657 4996; x_wconf 89' lang='lat' dir='ltr'><strong>t.</strong></span> <span class='ocrx_word' id='word_1_723' title='bbox 2733 4943 2819 4996; x_wconf 83' lang='lat' dir='ltr'><strong>Ill.</strong></span> 
     </span>
    </p>
   </div>
   <div class='ocr_carea' id='block_1_102' title="bbox 2203 4943 2819 5000">
    <p class='ocr_par' dir='ltr' id='par_1_102' title="bbox 2203 4943 2819 5000">
     <span class='ocr_line' id='line_1_104' title="bbox 2203 4943 2819 5000; baseline 0.003 -3"><span class='ocrx_word' id='word_1_724' title='bbox 2203 4943 2367 4998; x_wconf 88' lang='lat' dir='ltr'><strong>litter.</strong></span> <span class='ocrx_word' id='word_1_725' title='bbox 2392 4943 2588 5000; x_wconf 84' lang='lat' dir='ltr'><strong>Franc.</strong></span> <span class='ocrx_word' id='word_1_726' title='bbox 2610 4943 2657 4999; x_wconf 39' lang='lat' dir='ltr'><strong>&#39;t.</strong></span> <span class='ocrx_word' id='word_1_727' title='bbox 2688 4943 2819 4999; x_wconf 83' lang='lat' dir='ltr'><strong>Vlll.</strong></span> 
     </span>
    </p>
   </div>
   <div class='ocr_carea' id='block_1_103' title="bbox 2275 5013 3790 5088">
    <p class='ocr_par' dir='ltr' id='par_1_103' title="bbox 2275 5013 3790 5088">
     <span class='ocr_line' id='line_1_105' title="bbox 2275 5013 3790 5088; baseline 0.005 -21"><span class='ocrx_word' id='word_1_728' title='bbox 2275 5013 2461 5088; x_wconf 71' lang='grc'><strong>(1484)</strong></span> <span class='ocrx_word' id='word_1_729' title='bbox 2485 5013 2750 5084; x_wconf 76' lang='lat' dir='ltr'><strong>Excerpto</strong></span> <span class='ocrx_word' id='word_1_730' title='bbox 2773 5015 3041 5088; x_wconf 85' lang='lat' dir='ltr'><strong>_B_ernaldo</strong></span> <span class='ocrx_word' id='word_1_731' title='bbox 3065 5016 3248 5088; x_wconf 85' lang='lat' dir='ltr'><strong>nullus</strong></span> <span class='ocrx_word' id='word_1_732' title='bbox 3270 5015 3440 5088; x_wconf 89' lang='lat' dir='ltr'><strong>hujus</strong></span> <span class='ocrx_word' id='word_1_733' title='bbox 3460 5019 3543 5074; x_wconf 86' lang='lat' dir='ltr'><strong>rei</strong></span> <span class='ocrx_word' id='word_1_734' title='bbox 3567 5019 3790 5074; x_wconf 54' lang='lat' dir='ltr'><strong>mentio</strong></span> 
     </span>
    </p>
   </div>
   <div class='ocr_carea' id='block_1_104' title="bbox 2203 5081 3782 5158">
    <p class='ocr_par' dir='ltr' id='par_1_104' title="bbox 2203 5081 3782 5158">
     <span class='ocr_line' id='line_1_106' title="bbox 2203 5081 3782 5158; baseline 0.003 -21"><span class='ocrx_word' id='word_1_735' title='bbox 2203 5081 2329 5158; x_wconf 79' lang='lat' dir='ltr'><strong>nem</strong></span> <span class='ocrx_word' id='word_1_736' title='bbox 2359 5081 2516 5158; x_wconf 75' lang='lat' dir='ltr'><strong>fecit,</strong></span> <span class='ocrx_word' id='word_1_737' title='bbox 2552 5081 2992 5158; x_wconf 54' lang='lat' dir='ltr'><strong>nec&#39;quidquam</strong></span> <span class='ocrx_word' id='word_1_738' title='bbox 3017 5087 3122 5158; x_wconf 86' lang='lat' dir='ltr'><strong>sub</strong></span> <span class='ocrx_word' id='word_1_739' title='bbox 3151 5087 3256 5142; x_wconf 87' lang='lat' dir='ltr'><strong>hoc</strong></span> <span class='ocrx_word' id='word_1_740' title='bbox 3293 5081 3555 5158; x_wconf 79' lang='lat' dir='ltr'><strong>pontifice</strong></span> <span class='ocrx_word' id='word_1_741' title='bbox 3602 5097 3782 5144; x_wconf 71' lang='lat' dir='ltr'><strong>contra</strong></span> 
     </span>
    </p>
   </div>
   <div class='ocr_carea' id='block_1_105' title="bbox 2203 5154 3783 5198">
    <p class='ocr_par' dir='ltr' id='par_1_105' title="bbox 2203 5154 3783 5198">
     <span class='ocr_line' id='line_1_107' title="bbox 2203 5154 3783 5198; baseline 0 0"><span class='ocrx_word' id='word_1_742' title='bbox 2203 5155 2350 5198; x_wconf 58' lang='lat' dir='ltr'><strong>hunc</strong></span> <span class='ocrx_word' id='word_1_743' title='bbox 2377 5154 2690 5198; x_wconf 52' lang='lat' dir='ltr'><strong>hau-ptimum</strong></span> <span class='ocrx_word' id='word_1_744' title='bbox 2723 5154 2904 5198; x_wconf 64' lang='lat' dir='ltr'><strong>sur-[Ifm</strong></span> <span class='ocrx_word' id='word_1_745' title='bbox 2941 5157 3134 5198; x_wconf 74' lang='lat' dir='ltr'><strong>lmitnr</strong></span> <span class='ocrx_word' id='word_1_746' title='bbox 3181 5154 3474 5198; x_wconf 56' lang='lat' dir='ltr'><strong>nici&#39;nnnd</strong></span> <span class='ocrx_word' id='word_1_747' title='bbox 3507 5158 3783 5198; x_wconf 59' lang='lat' dir='ltr'><strong>&quot;sals-&quot;ina</strong></span> 
     </span>
    </p>
   </div>
  </div>
