3996 5474
298 246 443 319 ων

1172 242 1477 335 ‘APPEND.
1518 251 1606 310 III.
1644 282 1717 292 —-
1753 251 2195 311 MONUMENTA
2226 254 2694 313 GREGORIANA.

3451 254 3589 308 N58

297 365 532 453 poribus
563 363 708 422 infra
726 366 1091 439 quadraginta
1112 383 1288 425 annos
1315 372 1585 428 celebrata
1613 372 1896 441 reperiun-
1927 378 1970 434 Α
1999 375 2128 445 quia
2143 374 2299 444 juxta
2327 374 2687 431 assertionem
2718 374 2778 428 S.
2815 375 3108 446 Augustini
3129 374 3311 431 omnis
3338 372 3586 430 Catholi-

300 465 415 523 tur,
445 458 595 528 quod
623 458 753 514 armi
797 458 865 514 ab
912 461 1137 516 exordio
1183 463 1533 531 pontiﬁcatus
1592 463 1649 518 S.
1695 462 1895 519 Leonis

305 546 422 618 (IX)
455 563 608 618 papae
642 566 816 621 usque
854 552 909 605 in
936 562 1260 621 praesentem
1282 569 1485 609 annum
1526 555 1710 628 (1486)
1738 572 1893 611 com-

298 647 589 708 putantur,
644 642 739 711 qui
779 652 863 697 est
911 644 980 698 ab
1025 643 1404 701 Incarnatione
1460 646 1677 701 Domini
1732 647 1888 702 I088.

304 727 463 786 Unde
518 740 573 786 et
633 733 816 790 adhuc
876 735 1032 790 multi
1081 736 1275 791 vivunt
1329 738 1425 808 qui
1480 738 1688 794 eisdem
1754 755 1891 794 con-

303 822 449 879 ciliis
492 824 880 895 interfuerunt,
924 829 1020 900 qui
1054 838 1108 884 et
1130 829 1289 885 nobis
1314 830 1381 884 de
1405 830 1614 886 eisdem
1644 831 1892 887 conciliis

300 914 620 971 ﬁdelissime
645 920 913 975 testificati
955 929 1103 976 sunt.
1144 920 1358 978 Ultima:
1400 939 1621 994 quoque
1650 912 1891 993 generali

303 1009 515 1079 synodo
537 1010 642 1065 sub
673 1011 935 1083 Gregorio
964 1030 1101 1084 papa
1145 1016 1380 1085 septimo
1408 1032 1554 1071 anno
1594 1014 1893 1071 Dominicze

301 1098 701 1159 incarnationis
738 1105 896 1173 I089,
932 1122 1032 1162 nos
1076 1108 1180 1177 ipsi
1211 1106 1559 1163 interfuimus
1600 1107 1808 1179 (1487),
1840 1114 1895 1162 et

299 1195 564 1264 vidimus,
591 1198 813 1268 quando
860 1198 1211 1270 Beringerius
1241 1200 1295 1255 in
1325 1201 1503 1256 media
1531 1200 1739 1272 synodo
1761 1216 1893 1255 con-

301 1288 464 1354 stitit,
486 1296 542 1344 et
585 1290 839 1346 hieresim
870 1291 938 1346 de
980 1307 1209 1362 corpore
1258 1292 1493 1359 Domini,
1538 1294 1680 1347 sicut
1724 1308 1891 1362 supra

298 1380 563 1449 diximus,
587 1398 771 1438 coram
800 1383 1057 1441 omnibus
1070 1386 1304 1455 proprize
1325 1401 1522 1441 manus
1546 1394 1892 1441 sacramento

300 1474 577 1531 abdicavit
608 1494 622 1532 :
655 1477 906 1532 videlicet
944 1477 1048 1533 sub
1094 1479 1383 1548 praesentia
1430 1479 1677 1551 Gregorii
1715 1493 1888 1549 papze,

300 1564 546 1625 Heinrici
564 1570 891 1640 patriarchae
910 1570 1298 1642 Aquileiensis,
1327 1582 1380 1627 et
1415 1573 1890 1629 reverentissimo-

299 1675 424 1716 rum
436 1662 816 1735 episcoporum
829 1663 977 1719 Petri
992 1663 1339 1733 Albanensis,
1354 1665 1412 1720 Β.
1427 1666 1669 1722 Anselmi
1684 1666 1892 1723 Lucen-

1995 483 2096 522 cus
2126 482 2354 523 securus
2399 482 2522 522 eam
2547 467 2871 534 detestatur,
2901 467 2989 522 cui
3028 467 3327 539 Ecclesiam
3363 467 3575 523 univew

1996 559 2166 613 salem
2198 559 2254 613 in
2289 559 2604 630 apostolicis
2639 558 2860 615 sedibus
2906 559 3219 614 roboratam
3263 574 3376 616 non
3433 575 3590 615 cum-

1996 649 2279 705 municare
2328 651 2627 722 cognoscit.
2688 649 2819 705 Item
2868 650 3219 721 Augustinus
3269 652 3327 721 (l.
3378 667 3455 706 vu
3510 650 3590 705 De

1995 739 2271 810 baptism,
2303 758 2425 812 cap.
2452 742 2543 813 53)
2569 759 2582 796 :
2612 740 2679 796 Id
2699 751 2896 807 autem,
2935 742 3131 812 inquit,
3161 742 3363 812 fiducia
3386 756 3589 796 secura:
3650 804 3658 818 .

1994 834 2135 887 vocis
2166 849 2398 888 asserere
2424 850 2666 888 securum
2694 843 2791 900 est,
2823 835 2962 904 quod
2993 835 3049 888 in
3076 828 3450 905 'gubernatione
3478 832 3587 886 Do-

1995 924 2126 978 mini
2148 924 2247 979 Dei
2275 927 2443 979 nostri
2477 934 2526 979 et
2568 923 2863 982 Saluatoris
2889 924 3017 982 Iesu
3042 926 3242 982 Christi
3274 925 3585 981 universalis

1996 1013 2250 1071 Ecclesia:
2281 1019 2619 1072 consensione
2646 1008 2952 1073 roboratam
2986 1028 3084 1074 est.
3112 1018 3227 1074 IIoc
3254 1020 3441 1090 utique
3463 1019 3585 1089 qui-

1993 1108 2453 1164 libetCatholieus
2475 1109 2796 1179 simpliciter
2823 1109 3043 1180 sapiens
3070 1119 3124 1163 et
3146 1109 3420 1179 sapienter
3451 1109 3586 1165 sim—

1994 1200 2117 1269 plex
2144 1200 2275 1256 dum
2322 1201 2553 1256 ﬁdeliter
2579 1203 2831 1268 attendit,
2879 1203 3255 1257 cavillationes
3300 1202 3586 1258 haeretico-

1994 1308 2139 1359 rum,
2175 1309 2412 1363 quorum
2446 1310 2629 1350 sermo
2659 1304 2719 1350 ut
2747 1310 2946 1350 cancer
2978 1295 3167 1365 serpit,
3196 1295 3361 1349 etiam
3396 1293 3586 1353 audire

1994 1385 2324 1452 contemnit;
2371 1386 2502 1441 dum
2534 1394 2750 1441 tantum
2792 1402 3020 1442 securus
3069 1387 3141 1442 sit
3174 1386 3321 1457 quid
3364 1386 3586 1441 credere

1993 1477 2187 1532 debeat
2206 1478 2364 1547 juxta
2401 1476 2501 1533 SS.
2534 1477 2758 1535 Patrum
2783 1480 3186 1535 attestatiouem
3227 1488 3280 1534 et
3306 1479 3585 1535 universa-

1992 1568 2098 1624 lem
2130 1568 2392 1626 Ecclesia:
2430 1571 2872 1628 consensionem.

2065 1660 2155 1716 XI.
2201 1660 2265 1717 Et
2285 1678 2388 1719 nos
2411 1679 2632 1734 quoque
2679 1663 2993 1734 hujusmodi
3035 1665 3375 1735 simplicibus
3400 1664 3455 1719 in
3480 1663 3585 1721 hac

294 1753 400 1821 sis,
415 1753 663 1812 Landulﬁ
675 1758 742 1812 de
752 1758 898 1823 Pisa,
913 1757 1230 1830 Reginlierii
1244 1760 1311 1814 de
1332 1758 1628 1827 Florentia,
1643 1760 1888 1833 Iingonis

1993 1753 2249 1809 schedula
2274 1755 2591 1811 satisfacere
2621 1757 3030 1826 proposuimus,
3061 1756 3310 1812 videlicet
3334 1755 3583 1812 testimo-

296 1845 539 1923 Diensis,
576 1849 857 1906 Altmanni
895 1851 1256 1920 Pataviensis,
1285 1860 1340 1907 et
1378 1853 1718 1924 reliquorum
1761 1870 1891 1911 cen—

297 1950 416 2017 tum
445 1945 841 2016 quinquaginta
866 1946 1249 2017 episcoporum
1270 1954 1326 2002 et
1344 1946 1626 2016 abbatum,
1653 1957 1707 2004 et
1728 1950 1891 2004 innu-

290 2008 644 2100 Smerabiuum
672 2039 1021 2095 clericorum.

370 2128 441 2185 Χ.
484 2128 693 2187 Horum
722 2131 890 2203 igitur
934 2132 1297 2189 conciliorum
1329 2141 1439 2188 tam
1471 2134 1809 2206 generalium
1837 2142 1892 2189 et

301 2221 601 2295 apostolica
639 2224 964 2280 auctoritate
992 2232 1103 2280 tam
1147 2224 1523 2296 principaliter
1548 2226 1890 2282 ﬁrmaturum

297 2315 616 2372 sanctiones
638 2326 830 2371 contra
851 2315 1294 2388 Beringerianam
1317 2318 1572 2373 haeresim
1594 2319 1753 2374 nobis
1775 2317 1889 2374 suf-

302 2404 467 2462 ﬁcere
487 2406 707 2474 debent,
732 2423 857 2462 cum
890 2406 992 2462 SS.
1020 2406 1212 2464 Patres
1243 2408 1408 2463 etiam
1432 2408 1596 2465 unius
1621 2411 1892 2481 generalis

296 2499 520 2557 concilii
584 2500 963 2555 auctoritatem
1024 2509 1216 2555 contra
1281 2501 1583 2572 quamlibet
1638 2502 1892 2560 haeresim

300 2589 555 2645 sulllcere
592 2600 899 2659 censerent,
928 2592 1076 2662 quod
1120 2599 1303 2647 tamen
1346 2594 1640 2649 concilium
1686 2593 1892 2650 Roma-

303 2688 409 2738 nus
446 2681 688 2753 pontifex
720 2699 830 2738 non
867 2699 963 2753 per
990 2699 1070 2750 se,
1106 2684 1200 2739 sed
1231 2699 1329 2754 per
1375 2700 1510 2740 suos
1546 2685 1753 2756 legatos
1794 2686 1891 2739 lir-

298 2782 527 2831 masset.
562 2773 653 2830 Sic
675 2776 823 2830 enim
862 2773 1144 2832 Nicatnum
1165 2776 1457 2832 concilium
1498 2785 1689 2831 contra
1730 2775 1891 2831 Aria-

301 2882 424 2934 nos,
463 2865 1138 2938 Constantinopolitanum
1188 2878 1379 2925 contra
1426 2869 1848 2926 Macedonianos
1873 2911 1889 2937 ,

302 2954 639 3027 Ephesinum
667 2965 861 3013 contra
882 2955 1251 3025 Nestorianos,
1290 2957 1731 3015 Chalcedonense
1756 2977 1891 3016 con-

299 3055 385 3104 tra
434 3046 880 3121 Eutychianistas
938 3050 1185 3107 sutIicere
1232 3059 1589 3107 statuerunt:
1653 3069 1889 3123 quorum

302 3140 514 3196 nullum
540 3140 776 3197 Romani
798 3143 1087 3213 pontiﬁces
1129 3159 1226 3214 per
1253 3158 1313 3200 se
1339 3145 1436 3199 sed
1465 3159 1562 3215 per
1587 3159 1717 3200 suos
1738 3145 1888 3216 lega-

297 3239 386 3288 tos
408 3233 892 3313 canonizaverunt.
937 3233 1109 3291 Multo
1135 3235 1311 3307 magis
1337 3251 1468 3307 ergo
1499 3236 1657 3292 nobis
1705 3237 1889 3307 plures

296 3324 491 3396 synodi
526 3326 808 3396 generales
836 3336 1028 3382 contra
1049 3342 1217 3381 unam
1244 3325 1416 3383 solam
1445 3327 1697 3382 haeresim
1736 3328 1887 3383 suill-

296 3430 423 3471 cere
457 3415 677 3485 debent,
720 3416 923 3487 quibus
961 3416 1065 3487 ipsi
1108 3414 1342 3471 Romani
1390 3404 1674 3488 pontiﬁces
1722 3418 1889 3473 inter-

295 3506 522 3563 fuerunt
546 3548 561 3577 ,
603 3516 660 3564 et
724 3509 875 3579 ipsas
935 3509 1353 3579 praesentialiter
1415 3510 1716 3579 apostolica
1790 3527 1890 3566 au-

296 3600 552 3656 ctoritate
593 3599 993 3657 ﬁrmaverunt:
1037 3601 1342 3672 praesertim
1397 3617 1526 3657 cum
1561 3602 1669 3673 ipsi
1724 3602 1781 3657 in
1811 3610 1889 3659 tot

296 3691 524 3763 synodis
552 3691 623 3747 ab
651 3680 885 3747 invicem
926 3707 1038 3748 non
1071 3693 1524 3764 discrepaverint,
1565 3695 1663 3750 sed
1696 3709 1888 3752 omnes

296 3784 630 3841 unanimiter
658 3782 1102 3857 Beringerianam
1131 3786 1383 3845 haeresim
1420 3786 1475 3841 in
1491 3786 1732 3848 diversis
1755 3802 1890 3842 con-

296 3877 441 3935 ciliis
494 3876 597 3932 sub
651 3877 1000 3933 anathemate
1053 3877 1453 3933 damnaverint.
1513 3862 1890 3934 Indubitanter

297 3984 433 4025 sane
456 3969 683 4025 cuilibet
711 3967 1022 4037 Catholico,
1049 3970 1143 4040 qui
1173 3984 1284 4024 non
1312 3985 1475 4025 omne
1514 3970 1662 4040 quod
1715 3971 1891 4027 credit

295 4062 604 4119 rationibus
640 4062 1103 4133 comprehendere
1160 4062 1376 4133 qumrit,
1413 4070 1475 4117 ut
1507 4062 1643 4118 fides
1688 4063 1891 4119 habeat

298 4154 579 4223 meritum,
600 4156 690 4212 cui
712 4155 950 4210 humana
983 4154 1124 4211 ratio
1167 4169 1279 4209 non
1303 4154 1395 4210 dat
1427 4155 1885 4227 experimentum,

297 4247 390 4304 illa
424 4246 651 4319 inquam
690 4246 959 4304 catholica
1003 4254 1085 4302 tot
1122 4247 1397 4319 generalia
1439 4247 1754 4318 apostolica:
1790 4264 1890 4303 au-

272 4340 569 4405 .ctoritatis
607 4339 840 4397 concilia
879 4348 1072 4396 contra
1113 4337 1258 4394 hanc
1297 4339 1552 4396 haeresim
1594 4338 1884 4407 sufﬁciant,

394 4578 554 4649 “86)
593 4576 715 4646 Quo
737 4578 943 4636 scilicet
964 4578 1081 4635 haec
1112 4578 1315 4649 scripta
1341 4587 1489 4635 sunt.

396 4649 555 4707 1487)
594 4650 751 4705 Patet
790 4650 921 4706 hinc.
956 4651 1097 4705 ratio
1139 4666 1239 4706 cur
1266 4650 1568 4707 Bernoldus
1614 4652 1670 4707 In
1708 4650 1885 4707 Chro~

295 4720 423 4778 nico
451 4720 696 4777 anetiore
723 4721 790 4776 de
824 4721 1162 4791 iStasynodo
1188 4720 1320 4776 anni
1345 4722 1480 4777 1079
1517 4720 1644 4778 talia
1677 4723 1880 4778 retule-

291 4793 386 4860 rit,
419 4806 550 4862 quae
586 4791 840 4861 nuspiam
881 4790 1011 4845 alibi
1036 4791 1311 4861 leguntur,
1342 4807 1408 4847 ac
1435 4791 1725 4848 manifeste
1750 4809 1885 4849 ocu-

292 4861 466 4917 larem
505 4861 666 4931 eique
686 4872 1008 4930 praesentem
1036 4868 1231 4916 testem
1261 4863 1517 4930 produnt.
1543 4862 1880 4920 Crediderim

290 4930 625 5006 Bernalduin
652 4946 1051 5006 ceu_canonum
1075 4930 1474 5006 peritissimum
1502 4931 1735 5006 Romam
1758 4951 1883 5006 per-

287 5003 512 5076 venisse
544 5002 600 5076 in
635 5002 893 5076 comitatu
934 5000 1364 5076 sive‘Altmanni
1389 5001 1730 5076 Pataviensis
1758 5000 1884 5076 'epi-

288 5073 450 5144 scopi
483 5080 537 5127 et
580 5072 740 5147 legati
782 5071 1088 5147 apostolici,
1146 5074 1265 5147 sive
1315 5072 1527 5129 abbatis
1555 5071 1879 5147 _Augiensis,

285 5142 458 5220 quem
487 5142 688 5220 pariter
742 5142 827 5220 ad;
856 5143 1011 5220 illam
1053 5142 1328 5220 synodum
1355 5142 1884 5220 perrexisse'scribit

1917 3100 1961 3161 C

1914 4441 1969 4501 υ

1992 1846 2082 1901 nia
2117 1845 2216 1903 SS.
2243 1847 2467 1903 Patrum
2493 1849 2561 1904 de
2585 1849 2817 1904 veritate
2851 1850 3101 1920 corporis
3138 1847 3408 1904 Dominici
3449 1849 3584 1905 sim-

1992 1938 2205 2009 pliciter
2237 1950 2626 2011 proponentes,
2658 1950 2712 1996 et
2740 1942 3031 2013 synodales
3051 1941 3453 2014 Beringerianze
3474 1943 3583 1997 ha:-

1992 2046 2177 2088 reseos
2229 2033 2612 2103 damnationes
2662 2034 2893 2089 lideliter
2942 2034 3325 2089 subnectentes
3373 2034 3579 2105 (1488).

1991 2123 2102 2183 Nec
2131 2128 2503 2183 necessarium
2531 2127 2691 2183 nobis
2717 2127 3024 2196 videbatur,
3050 2137 3111 2183 ut
3135 2118 3447 2202 singulares.
3479 2126 3581 2183 Be-

1991 2218 2213 2291 riugerii
2259 2220 2466 2276 ntenias
2505 2235 2975 2287 enumeraremus,
3005 2231 3059 2276 et
3084 2229 3432 2277 enumeratas
3473 2220 3582 2276 sin-

1994 2312 2255 2383 gulariter
2300 2313 2747 2369 annullaremus:
2787 2313 3093 2383 praesertim
3142 2329 3269 2369 cum
3306 2304 3584 2377 eruditis-

1993 2401 2120 2455 simi
2142 2401 2415 2469 doctores,
2447 2401 2813 2470 Lanfrancus,
2854 2404 3102 2481 inquam,
3132 2411 3189 2458 et
3212 2402 3581 2468 Christianus,

1994 2494 2158 2549 ambo
2194 2494 2460 2565 religione
2501 2504 2555 2550 et
2597 2496 2906 2552 eruditione
2964 2495 3422 2552 Christianissimi
3473 2512 3585 2552 non

1995 2585 2169 2640 multo
2206 2593 2332 2655 post
2367 2586 2612 2656 episcopi
2656 2587 2866 2658 (1489),
2890 2588 2959 2643 de
3007 2588 3094 2643 his
3142 2588 3584 2643 enucleatissime

1994 2675 2337 2746 scripserint,
2381 2686 2436 2732 et
2472 2678 2719 2749 singulas
2756 2679 3088 2737 authenticis
3122 2680 3428 2736 rationibus
3451 2679 3586 2734 invi-

1994 2768 2241 2824 ctissime
2277 2770 2722 2839 proscripserint.
2758 2770 2982 2827 Illorum
3021 2764 3226 2843 quippe
3261 2756 3387 2827 libri
3415 2771 3581 2828 etiam

1994 2859 2387 2917 curiosissimis
2433 2863 2895 2932 perquisitoribus
2938 2864 3185 2921 sullicere
3234 2873 3485 2935 possunt,
3523 2874 3584 2921 ut

1995 2952 2241 3024 singulas
2286 2953 2763 3025 tergiversationes
2805 2955 3106 3028 Bcringerii
3152 2957 3579 3028 deprehendant,

1993 3050 2048 3099 et
2070 3042 2291 3119 quibus;
2321 3044 2626 3117 rationibus
2671 3046 2965 3102 annullataa
3007 3046 3137 3114 sint,
3184 3057 3584 3120 consequenter

1992 3143 2313 3207 agnoscant.
2346 3135 2467 3192 Non
2511 3153 2642 3210 ergo
2684 3139 3055 3196 necessarium
3103 3138 3209 3195 fuit
3243 3148 3305 3196 ut
3333 3154 3435 3196 nos
3462 3140 3584 3196 illas

1985 3227 2100 3299 jam
2124 3227 2529 3299 aliquantulum
2574 3231 2780 3302 sopitas
2803 3241 2859 3288 et
2899 3232 2952 3287 in
2982 3240 3247 3289 aeternum
3289 3233 3583 3303 sopiendas

1989 3321 2368 3377 enumerando
2444 3322 2841 3379 suscitaremus
2874 3365 2890 3390 ,
2964 3330 3018 3377 et
3098 3332 3224 3393 post
3292 3324 3583 3395 synodicas

1988 3411 2370 3469 damnationes
2409 3412 2608 3468 iterum
2659 3429 2785 3469 cum
2836 3413 2918 3470 eis
2968 3412 3364 3469 catholicorum
3420 3410 3582 3468 aures

1989 3504 2416 3561 oﬂ'enderemus.

2064 3596 2178 3653 XII.
2221 3597 2348 3655 Haec
2388 3610 2571 3655 autem
2616 3599 2671 3654 in
2700 3599 2805 3655 fide
2845 3599 3119 3656 schedulat
3153 3590 3581 3671 simplicioribus

1990 3688 2272 3756 fratribus,
2305 3690 2480 3745 nostri
2530 3691 2755 3760 inquam
2792 3692 3066 3747 similibus
3107 3691 3292 3763 (M90)
3340 3692 3580 3748 fraterna

1990 3781 2405 3851 praemunitione
2435 3781 2806 3851 suggerimus,
2847 3792 2908 3837 ut
2936 3783 3354 3855 diligentissime
3383 3783 3581 3854 praevi-
3622 3790 3629 3799 ’

1989 3871 2153 3926 deant
2171 3886 2241 3926 ne
2268 3871 2481 3941 uspiam
2506 3871 2780 3928 haeretica:
2799 3874 3148 3944 persuasioni
3177 3883 3367 3931 contra
3385 3860 3561 3931 catbo

1989 3960 2150 4017 licam
2190 3969 2245 4017 et
2277 3963 2634 4034 apostolicam
2679 3964 2839 4019 fidem
2883 3965 3219 4034 assentiant;
3244 3972 3386 4021 nam
3422 3967 3579 4041 juxta

1988 4053 2312 4126 Apostolum
2339 4056 2602 4113 facientes
2618 4067 2672 4112 et
2695 4057 3100 4113 consentientes
3118 4046 3217 4129 par
3237 4073 3398 4129 poena
3424 4076 3579 4115 com-

1989 4147 2267 4218 plectitur,
2296 4156 2351 4204 et
2372 4150 2527 4220 juxta
2569 4148 2634 4204 B.
2683 4148 2962 4205 Gelasium
3012 4163 3207 4206 omnes
3260 4151 3576 4222 complices,

1989 4249 2288 4297 sectatores
2319 4252 2374 4297 et
2402 4243 2901 4299 communicatores
2944 4244 3218 4300 damnata:
3255 4244 3425 4300 semel
3448 4259 3578 4314 pra-

1988 4334 2172 4391 vitatis
2196 4335 2316 4407 pari
2352 4343 2499 4391 sorte
2526 4346 2852 4404 censentur;
2876 4345 2931 4393 et
2952 4335 3110 4412 juxta
3142 4336 3200 4416 S.
3224 4335 3579 4395 Ambrosium

1942 4581 1968 4651 '_
1989 4579 2228 4635 ctatulus
2248 4556 2640 4651 delBeringarii
2669 4578 3023 4651 damnatione
3059 4578 3284 4651 nonnisi
3308 4579 3578 4649 appendix

1964 4649 2227 4732 erat-aut
2249 4647 2530 4732 praefatio:
2558 4648 2838 4732 {acturam
2866 4650 3013 4732 illius
3045 4651 3102 4705 in
3127 4647 3581 4732 praevioimonito

1996 4719 2420 4792 ieploravimus,
2446 4721 2597 4792 quod
2633 4720 3055 4792 deprehendisse
3097 4719 3234 4775 mihi
3259 4720 3421 4792 visus
3461 4738 3583 4779 sum

1989 4789 2494 4863 iu'eodemcodice
2525 4789 2953 4863 Weingartensi,
2992 4794 3047 4848 in
3073 4804 3186 4863 quo
3225 4789 3356 4863 alia;
3385 4795 3583 4861 pariter

1990 4862 2241 4920 Bernaldi
2277 4861 2987 4931 lucubrationes'superius
3015 4861 3174 4917 editae
3216 4861 3591 4931 continentur,

1989 4936 2084 5015 ubi
2105 4936 2217 4990 duo
2231 4932 2478 5015 ejusdem
2510 4929 2821 5015 argumenti
2845 4941 3112 5015 tractatus
3129 4929 3331 5015 reperi,
3353 4929 3596 5015 quorum

1988 5007 2202 5077 primus
2232 4996 2380 5080 sine_
2407 4996 2847 5080 titulovincipit:
2885 5001 2965 5054 De
3005 5013 3217 5080 corpore
3261 4996 3604 5080 Dominis“

1990 5072 2302 5150 opportune_
2330 5072 2886 5150 videturﬂagendum,
2928 5083 3071 5138 etc.;
3099 5072 3184 5150 ill
3241 5082 3353 5150 (μμ)
3404 5078 3610 5133 eadem

1987 5139 2211 5220 quoque
2263 5143 2589 5220 litarengarii
2630 5139 2928 5220 'abjuratip
2991 5139 3413 5220 e.xstat:._alter
3464 5156 3614 5220 vero,
